1935 3200
239 131 351 169 1380
694 128 756 167 IN
789 127 1293 169 DIONYSODORUM.

239 234 360 273 (lares
409 246 576 287 poenas,
623 235 758 271 morte
803 231 924 271 dares
969 232 1022 272 ab
1067 232 1131 271 his
1176 232 1384 286 judicibus
1433 235 1742 274 condemnatus.

238 288 430 329 REISK.
493 287 659 327 Scilicet
682 287 797 327 fraus
824 287 986 341 publice
1015 288 1170 328 nocuit.
1218 288 1271 328 V.
1296 304 1334 342 p.
1357 289 1474 343 1285,
1496 304 1536 343 5.
1563 292 1684 345 1296,
1707 302 1743 343 7.

242 357 359 397 1297,
383 355 422 397 5.
463 343 712 385 SOHAEF.

297 414 310 439 1
324 413 374 454 29
378 410 416 454 5,
435 413 500 442 21.
524 399 752 452 σύμπτωμα]
786 398 1048 452 Phrynichus
1068 414 1107 452 p.
1129 413 1219 452 104.
1240 403 1298 454 (p.
1317 401 1408 452 248.
1426 401 1524 442 edit.
1541 403 1741 454 Lobeck.)

236 457 479 496 vocabulum
501 457 715 505 σύμπτωμα
735 456 813 494 hoc
836 469 918 495 uno
938 455 1027 496 loco
1048 455 1110 495 ait
1130 470 1156 496 a
1178 456 1460 498 Demosthene
1481 463 1738 512 usurpat-um

296 578 416 622 1295,
437 569 501 608 26.
526 569 587 607 καὶ
607 567 693 609 τοὺς
714 567 861 620 τόκους]
894 567 942 606 F.
965 568 1028 607 καὶ
1047 569 1134 610 τοὺς
1156 567 1358 609 εἰςῬόὸον
1381 570 1523 611 τόκους.
1550 570 1741 611 WOLF.

236 624 330 663 Non
351 630 492 664 autem
515 623 697 677 duplum,
721 628 768 663 ut
796 623 839 662 in
866 623 1021 663 tabulis
1047 628 1215 664 cautum
1242 629 1348 665 erat.
1380 624 1570 665 REISK.
1632 626 1744 667 Vere

235 680 440 720 Reiskius.
487 679 540 719 V.
556 695 595 733 p.
618 681 738 734 1296,
753 693 792 732 3.
847 679 1026 720 Fallitur
1045 684 1187 720 autem
1203 680 1383 720 XVolfius
1404 681 1491 723 τοὺς
1510 683 1643 724 τόκους
1660 697 1743 722 non

235 737 285 776 de
307 736 417 776 omni
439 750 577 784 usura,
600 750 725 789 quam
753 736 992 790 syngrapha
1022 736 1145 790 pendi
1173 736 1310 790 jussit,
1333 737 1405 777 sed
1430 737 1481 777 de
1507 743 1628 791 parte
1655 740 1743 793 ejus

234 792 482 846 intelligens.
528 791 775 832 SOHAEF.

294 850 415 903 1296,
440 858 505 901 27.
537 848 698 888 ἔπεισαν
725 848 836 902 ἡμᾶς]
881 847 1048 888 Scilicet
1083 848 1317 898 λαμβάνειν.
1356 849 1548 890 REISK.
1608 851 1741 891 Immo

234 905 557 957 συγγράψασθαι.
606 904 660 944 V.
684 919 724 957 p.
744 915 864 958 1297,
889 917 925 947 2.
968 904 1215 944 SOHAEF.

293 973 413 1015 1297,
440 973 504 1002 22.
537 960 599 999 καὶ
628 960 678 1010 μὴ
709 961 804 1011 πρὸς
830 961 900 1010 τὴν
921 961 1169 1014 συγγραφὴν]
1207 960 1301 1000 Non
1331 962 1603 1015 repetendum
1637 965 1740 1015 μερί-

231 1022 321 1064 ζειν,
345 1017 417 1056 sed
439 1015 768 1057 subaudiendum
789 1016 929 1070 aptius
950 1016 1045 1056 huic
1065 1017 1251 1057 membro
1272 1018 1455 1066 verbum,
1478 1033 1513 1058 e.
1532 1033 1563 1058 c.
1587 1021 1738 1071 ὁρίζειν.

295 1138 416 1182 1297,
450 1139 515 1182 25.
552 1129 726 1181 ἀκύρους]
779 1128 882 1168 Post
911 1128 951 1168 h.
977 1143 1013 1167 v.
1049 1128 1147 1168 addi
1173 1129 1260 1169 vult
1290 1129 1471 1170 Wolfius
1511 1131 1738 1182 γενομένας.

232 1183 424 1224 REISK.
486 1184 579 1224 Hoc
611 1188 686 1224 aut
717 1184 836 1226 οὔσας
866 1184 994 1224 etiam
1022 1185 1243 1234 Porsonus,
1271 1185 1429 1239 opinor,
1457 1192 1547 1227 erat
1575 1187 1741 1228 additu-

231 1255 315 1280 rus.
380 1241 461 1281 Sed
483 1256 520 1281 v.
546 1240 601 1280 acl
622 1255 664 1294 p.
686 1252 804 1293 1209,
828 1242 866 1280 6.
912 1240 1156 1281 SCHAEF.
