1925 3215
578 142 801 182 ORATIO
842 141 1149 180 FVNEBRIS.
1510 142 1617 183 1139ss

166 249 306 303 Atque
328 250 494 289 omuino
523 251 561 289 in
597 251 770 291 l'latone
802 251 1003 290 imitando
1033 249 1220 303 sophista
1250 248 1314 287 ille
1341 248 1417 287 sibi
1447 248 1616 301 palcuit,

106 306 331 360 palmarem
365 306 518 346 scilicet
545 307 788 346 existimans
815 307 1059 352 01·:1ti‹›n‹·m‚
1084 320 1188 359 quae
1219 305 1323 344 adeo
1345 304 1496 357 populo
1519 319 1614 357 pro-

106 363 207 402 bata
227 367 350 409 esset,
375 367 421 402 ut
443 363 665 415 quotannis
687 368 802 402 certo
825 363 890 401 (lie
912 362 1072 414 publice
1095 362 1353 401 recitaretur.

165 418 211 457 P.
237 431 352 471 1390.
381 418 441 458 l)e
465 419 587 458 nobili
612 419 770 471 origine
792 419 1124 458 Atheniensium.
1163 417 1329 470 Repetit
1352 425 1512 456 auctor.
1538 431 1619 470 qua

106 487 250 513 onmes
268 474 502 514 orationum
526 475 760 514 funebrimn
783 475 1006 527 ,εἶς-1111111105
1027 475 1059 513 Α
1070 473 1354 513 tlumiensibus
1377 473 1619 526 palpabant,

105 530 288 570 fabulam
325 531 376 569 ‹le
412 531 782 571 autochthonibus.
839 530 890 569 V.
916 530 1045 569 Thuc.
1073 542 1110 577 2,
1133 532 1200 582 536.
1239 530 1334 582 Lys.
1364 544 1402 582 11.
1432 541 1525 580 192,
1554 542 1616 578 14.

107 586 218 626 I'lat.
255 601 288 625 c.
318 588 341 625 6
370 601 431 639 sq.
472 602 510 640 11.
537 600 613 640 237
648 602 708 640 sq.
762 587 920 625 llimer.
958 601 1017 625 or.
1054 599 1088 632 2,
1117 599 1158 638 3.
1195 599 1231 636 1).
1256 597 1351 637 374.
1384 584 1499 623 Wdf.
1559 586 1620 625 Cf.

109 641 236 681 Isocr.
257 642 439 682 Panath.
459 658 496 696 p.
519 644 596 695 258
621 643 668 681 B.
727 643 834 682 lline
861 642 1048 681 Phalaris
1071 642 1110 680 111
1135 656 1197 694 ep.
1216 641 1268 680 ad
1293 641 1449 680 Athen.
1473 655 1543 680 eos
1565 640 1621 679 sic

106 698 356 751 alloquitur:
391 697 419 737 ὦ
443 700 666 748 σοφώτατοι
687 702 867 750 γηγενεῖς
887 697 1100 746 Ἀθηναῖοι,
1126 697 1207 736 11110
1233 697 1466 736 Menander
1488 697 1528 735 in
1550 696 1619 735 lib.

107 754 157 794 de
188 754 383 794 encomiis
406 755 468 793 ed.
494 754 675 794 Heeren.
699 770 738 808 p.
762 756 826 793 81.
857 768 926 793 eos
957 753 1039 804 μεθ’
1063 754 1174 803 ἡλίου
1196 754 1382 804 γενέσθαι
1403 753 1516 792 dicit.
1561 753 1621 792 (Jf.

109 810 268 850 Meurs.
292 810 342 850 de
363 811 460 850 fort.
481 810 585 850 Ath.
609 810 699 850 init.
736 810 856 860 Quod
877 814 1170 863 argumentum
1192 823 1266 862 per
1287 823 1330 847 se
1348 808 1623 847 ridiculum—

107 880 240 919 neque
269 865 445 906 deerant
467 865 535 919 qui
564 866 842 906 Athenienses
873 866 978 905 hanc
1010 866 1063 904 ob
1095 879 1284 904 caussam
1314 864 1548 912 irriderent,
1576 869 1623 904 ut

107 922 400 969 Antisthenes,
422 922 491 975 qui
513 922 681 961 bruchis
703 936 773 962 eos
793 926 922 975 atque
943 920 1120 961 cochleis
1142 921 1268 960 nihilo
1290 920 1511 959 nobiliores
1533 934 1622 960 esse

108 977 230 1018 dixit.
280 978 333 1017 V.
361 978 483 1031 Diog.
511 978 651 1018 Laert.
675 981 713 1026 6,
746 982 885 1017 1.—ut
909 977 1132 1016 concedam
1155 976 1370 1029 epitaphio
1392 990 1622 1015 accommo-

108 1033 372 1074 datissimum
398 1048 500 1082 esse,
522 1034 699 1074 multum
730 1038 872 1074 tamen
902 1033 1029 1073 refert
1052 1047 1133 1086 quo
1155 1032 1333 1072 artificio
1355 1032 1509 1072 efficiat
1530 1047 1622 1072 ora-

108 1094 177 1130 tor
202 1095 249 1130 ut
277 1089 401 1130 alicui
431 1090 578 1129 honori
609 1090 708 1129 illud
738 1090 971 1129 (lucendum
1000 1103 1088 1128 esse
1111 1089 1312 1128 videatur.
1375 1088 1438 1127 Ae
1462 1088 1623 1141 Thucy·

109 1145 225 1185 dides
259 1145 425 1199 quidem
460 1150 503 1186 et
539 1146 686 1199 Lysias
720 1146 826 1186 hane
860 1160 947 1185 rem
980 1145 1117 1184 obiter
1152 1150 1319 1184 tantum
1354 1149 1396 1184 et
1429 1145 1546 1197 quasi
1581 1144 1621 1183 111

109 1206 352 1242 transcursu
383 1202 744 1255 perstrinxerunt:
779 1202 947 1241 uberius
977 1206 1137 1241 tractat
1164 1206 1208 1240 et
1233 1201 1458 1240 admodum
1490 1202 1623 1240 facete

111 1258 247 1306 Plato,
282 1272 403 1312 quem
439 1258 505 1297 hie
543 1273 706 1311 qnoque
739 1258 974 1298 exscribere
1010 1271 1092 1296 non
1125 1256 1332 1296 dubitavit
1369 1256 1622 1297 declamator

110 1313 470 1354 Demosthenicus.

313 1398 384 1437 Or.
407 1397 625 1437 Demosth.

112 1455 240 1494 Μόνοι
270 1456 345 1505 γὰρ
370 1453 527 1493 πάντων
556 1454 769 1504 ἀνθρώπων
791 1455 830 1503 ἐξ

110 1510 236 1560 ἧσπερ
257 1510 410 1561 ἔφυσαν
431 1510 571 1559 ταύτην
592 1509 748 1563 ᾤκησαν
770 1511 832 1549 καὶ

111 1569 192 1608 τοῖς
225 1567 265 1615 ἐξ
299 1567 424 1605 αὑτῶν
458 1566 697 1616 παρέδωκαν,
731 1566 831 1605 ὥστε

113 1623 265 1663 δικαίως
286 1622 335 1661 ἄν
356 1637 411 1662 τις
432 1620 632 1670 ὑπολάβοι
652 1622 740 1662 τοὺς
760 1623 832 1671 μὲν
870 1623 871 1626 '

113 1679 167 1719 εἰς
188 1679 281 1719 τᾶςὲ
303 1676 534 1726 ἐπήλυδας
554 1678 741 1718 ἐλθόντας
761 1678 827 1716 πό-

113 1738 196 1774 λεις
226 1734 288 1773 καὶ
317 1734 461 1772 τούτων
492 1734 654 1774 πολίτας
685 1749 832 1783 προσα-

114 1788 391 1841 γορευομένους
426 1789 580 1838 ὁμοίους
617 1788 716 1828 εἶναι
756 1792 834 1830 τοῖς

114 1903 156 1940 δὲ
186 1901 371 1952 γνησίους
406 1901 509 1953 γόνῳ
547 1902 612 1949 τῆς
652 1901 834 1950 πατρίδος

114 2013 157 2052 τὸ
178 2013 265 2054 τοὺς
286 2012 452 2061 καρποὺς
477 2012 533 2053 οἷς
553 2015 669 2058 ζῶσιν
691 2012 835 2062 ἄνθρω-

114 2085 180 2108 ποι
214 2068 303 2119 παρ’
334 2068 424 2117 ἡμῖν
457 2068 619 2118 πρώτοις
650 2069 833 2118 φανῆναι,

114 2125 231 2177 χωρὶς
251 2126 319 2163 τοῦ
338 2122 526 2174 μέγιστον
542 2122 761 2174 εὐεργέτημ’
782 2124 836 2164 εἰς

115 2179 263 2221 πάντας
291 2179 491 2230 γενέσθαι,
519 2180 836 2230 ὁμολογούμενον

117 2239 278 2285 σημεῖον
297 2234 487 2286 ὑπάρχειν
507 2238 574 2274 τοῦ
594 2234 740 2285 μητέρα
766 2234 836 2284 τὴν
873 2237 875 2242 “

116 2293 250 2344 χώραν
280 2289 380 2330 εἶναι
414 2294 491 2329 τῶν
522 2290 717 2342 ἡμετέρων
745 2307 836 2341 προ·
873 2315 875 2320 -

115 2349 256 2399 γόνων.
300 2345 428 2385 πάντα
464 2348 538 2397 γὰρ
578 2348 625 2386 τὰ
660 2347 837 2386 τίκτοντα
874 2359 875 2402 J

117 2403 196 2453 ἅμα
226 2402 287 2442 καὶ
313 2401 461 2452 τροφὴν
487 2406 566 2443 τοῖς
593 2401 838 2453 γιγνομένοις
874 2407 875 2434 3

118 2459 182 2498 ἀπ’
198 2458 310 2507 αὐτῆς
330 2459 394 2506 τῆς
411 2458 566 2508 φύσεως
587 2457 708 2508 φέρει·
742 2459 837 2508 ὅπερ
874 2482 876 2492 ι

117 2515 184 2563 ἥδε
204 2514 227 2564 ἡ
248 2513 356 2565 χώρα
377 2514 597 2562 πεποίηκεν.

964 1397 1072 1437 Plat.
1099 1397 1265 1437 Menex.
1289 1399 1327 1437 6.
1354 1409 1388 1448 7.
1412 1412 1451 1451 p.
1473 1410 1566 1450 237.

903 1456 983 1503 Τῆς
1014 1455 1055 1493 δὲ
1084 1455 1280 1504 εὐγενείας
1310 1457 1462 1503 πρῶτον
1482 1455 1624 1502 ὑπῆρξε

904 1513 1034 1549 τοῖσδε
1066 1510 1088 1558 ἡ
1119 1513 1194 1548 τῶν
1221 1510 1423 1560 προγόνων
1454 1509 1622 1560 γένεσις,

905 1566 971 1604 οὐκ
1003 1566 1170 1615 ἔπηλυς
1201 1566 1312 1613 οὖσα,
1337 1565 1424 1604 οὐδὲ
1451 1565 1537 1606 τοὺς
1566 1566 1624 1603 ἐκ-

905 1622 1044 1672 γόνους
1060 1622 1216 1662 τούτους
1233 1621 1517 1671 ἀποφηναμένη
1538 1637 1625 1670 μετ-

906 1681 1104 1719 οικοῦντας
1146 1678 1188 1716 ἐν
1221 1679 1265 1730 τῇ
1305 1678 1412 1729 χώρᾳ
1453 1678 1626 1716 ἄλλοθεν

906 1737 1018 1784 σφῶν
1052 1733 1234 1782 ἡκόντων,
1268 1731 1358 1771 ἀλλ’
1389 1733 1628 1784 αὐτόχθονας

870 1834 872 1838 ¹
908 1791 968 1828 καὶ
988 1791 1038 1841 τῷ
1071 1790 1154 1827 ὄντι
1186 1789 1228 1827 ἐν
1253 1789 1405 1838 πατρίδι
1427 1790 1627 1829 οἰκοῦντας

112 1847 349 1894 εἰσποιητοῖς
381 1848 456 1884 τῶν
489 1845 649 1892 παίδων,
682 1845 835 1885 τούτους
870 1844 872 1853 ⁴

908 1845 970 1883 καὶ
995 1848 1150 1891 ζῶντας,
1174 1844 1233 1882 καὶ
1264 1843 1524 1894 τρεφομένους
1555 1844 1627 1895 οὐχ

200 1957 211 1971 Ι
653 1955 661 1969 Ι
822 1956 833 1969 x
872 1902 873 1935 Ϊ
906 1900 980 1938 ὑπὸ
1001 1903 1193 1950 μητρυιᾶς,
1219 1900 1266 1940 ὡς
1287 1901 1418 1943 ἄλλοι,
1442 1900 1529 1938 ἀλλ’
1552 1901 1625 1938 ὑπὸ

113 1961 275 2006 πολιτας
307 1955 602 1995 εἶναι.-Δοκεῖ
619 1959 659 1995 δε
687 1972 751 2004 μοι
775 1973 835 1995 και
872 1964 873 1968 ’

906 1956 1047 2006 μητρὸς
1074 1958 1138 2004 τῆς
1168 1956 1297 2006 χώρας
1323 1956 1365 1994 ἐν
1386 1953 1409 2008 ᾗ
1431 1954 1627 2008 ᾤκουν.-

910 2011 1028 2062 Μέγα
1078 2013 1119 2050 δὲ
1163 2011 1366 2061 τεκμήριον
1411 2012 1530 2063 τούτῳ
1576 2012 1626 2064 τῷ

872 2086 874 2117 3
908 2069 1027 2120 λόγῳ,
1063 2068 1121 2106 ὅτι
1154 2067 1221 2115 ἥδε
1253 2067 1385 2105 ἔτεκεν
1415 2067 1437 2116 ἡ
1468 2070 1516 2118 γῆ
1542 2067 1630 2108 τοὺς

909 2123 1029 2162 τῶνδέ
1064 2139 1105 2161 τε
1142 2123 1203 2162 καὶ
1242 2122 1449 2173 ἡμετέρους
1489 2125 1629 2173 προγό-

910 2195 1009 2220 νους.
1053 2181 1130 2218 πᾶν
1161 2181 1236 2229 γὰρ
1268 2178 1308 2216 τὸ
1341 2178 1452 2217 τεκὸν
1480 2179 1630 2229 τροφὴν

910 2235 993 2286 ἔχει
1024 2235 1245 2282 ἐπιτηδείαν
1275 2233 1303 2288 ᾧ
1340 2234 1388 2273 ἂν
1418 2233 1629 2283 Tingi—‘¹0

910 2290 954 2339 δὴ
976 2292 1038 2330 καὶ
1064 2289 1232 2340 ἡμετέρα
1252 2293 1301 2341 γῆ
1330 2306 1372 2329 τε
1399 2289 1519 2340 μήτηρ
1552 2292 1629 2329 ἱκα-

911 2346 980 2386 νὸν
1010 2345 1212 2397 τεκμήριον
1239 2345 1460 2397 παρέχεται,
1484 2347 1534 2387 ὡς
1565 2347 1630 2385 ἀν-

911 2403 1083 2452 θρώπους
1107 2401 1395 2452 γεννησαμένη.
1436 2403 1534 2450 μόνη
1557 2404 1630 2452 γὰρ

912 2459 954 2497 ἐν
976 2460 1028 2510 τῷ
1051 2459 1136 2497 τότε
1164 2457 1225 2496 καὶ
1245 2457 1373 2507 πρώτη
1396 2458 1544 2507 τροφὴν
1567 2458 1632 2495 ἀν-

912 2516 1105 2564 θρωπείαν
1125 2513 1278 2564 ἤνεγκε,
1301 2512 1370 2551 τὸν
1400 2515 1475 2550 τῶν
1503 2516 1632 2562 πυρῶν

875 2615 876 2618 ¹
913 2569 973 2608 καὶ
1009 2572 1147 2620 κριθῶν
1183 2567 1340 2617 καρπὸν,
1376 2565 1403 2620 ᾧ
1437 2567 1632 2606 κάλλιστα

875 2625 877 2664 ’.
913 2641 975 2664 και
1007 2626 1145 2675 ἄριστα
1186 2623 1365 2673 τρέφεται
1406 2622 1448 2660 τὸ
1487 2623 1633 2672 ἀνθρώ-

911 2696 1022 2719 πειον
1044 2696 1170 2730 γενος,
1193 2679 1242 2719 ὡς
1263 2680 1312 2730 τῷ
1335 2679 1417 2716 ὄντι
1445 2681 1556 2716 τοῦτο
1590 2694 1631 2716 το

874 2735 1007 2783 ζῶον
1024 2736 1116 2783 αὕτη
1137 2732 1418 2784 γεννησαμένη

179 2822 303 2862 Hane
337 2821 608 2875 sophisticam
643 2837 747 2876 pene
778 2822 1185 2876 argumentationem
1222 2820 1348 2859 Plato
1381 2818 1553 2858 mirifice
1586 2834 1635 2859 eo

122 2877 239 2931 quasi
272 2877 459 2917 delinivit
489 2893 537 2918 ae
570 2878 826 2931 probabilem
857 2878 1038 2930 quodam
1074 2877 1198 2916 modo
1229 2874 1424 2915 reddidit
1453 2875 1562 2929 quod
1596 2876 1634 2916 ei

355 2955 373 2977 g
394 2948 451 2988 [εἰς
467 2949 523 2981 τὰς
539 2956 608 2989 post
625 2949 774 2980 ἐλθόντας
791 2951 1073 2988 transponendum.
1098 2949 1139 2978 G.
1158 2946 1381 2977 DINDORF.
1386 2947 1397 2986 ]

844 3008 866 3028 Α
889 3005 913 3030 a
