1935 3200
266 133 376 172 1408
739 133 962 173 ORATIO
996 132 1305 174 FUNEBRIS.

332 252 447 293 1394,
477 252 537 279 12.
560 239 1164 293 προορώσης-εἶρα)νευομένης]
1187 241 1413 291 προορώσης
1437 240 1546 280 redit
1567 241 1620 280 ad
1647 241 1775 291 ἀγνοί-

268 312 324 343 ας,
348 294 644 345 εἰρωνευομένης
665 300 805 335 autem
826 296 880 335 ad
902 297 1044 337 κακίας.
1106 296 1223 335 Haec
1245 295 1353 335 enim
1377 297 1630 344 εἰρωνεύεται,
1653 296 1776 335 simu—

267 351 328 390 lat
359 351 651 404 stupiditatem
682 356 756 390 aut
789 351 1082 405 ignorantiam,
1116 366 1196 390 non
1227 361 1368 391 autem
1398 351 1635 404 ignorantia
1670 352 1773 405 ipsa.

269 407 406 456 Quare
442 407 581 446 malim
613 411 831 457 προορῶσιν
867 416 909 447 et
943 408 1265 458 εἰρωνευομένοις,
1298 412 1519 459 utrumque
1556 408 1597 445 in
1635 407 1776 447 dativo

268 462 429 515 plurali,
467 468 513 502 ut
552 463 759 502 referatur
793 463 847 502 ad
882 463 1154 516 praemissum
1178 462 1390 512 ‘'EAMyffw.
1431 463 1621 502 REISK.
1683 463 1776 502 Non

267 533 370 571 opus
410 519 622 572 vulgatam
662 518 827 558 mutari.
879 520 1020 570 ἄγνοια
1058 518 1272 569 μεμιγμένη
1315 519 1424 571 κακίᾳ
1467 519 1689 572 cogitanda
1729 523 1777 558 ut

267 588 393 613 unum
424 574 591 627 aliquod
620 574 884 614 commistum
911 574 1067 622 vitium,
1098 575 1207 627 quod
1238 574 1391 628 partim
1420 575 1464 614 οὐ
1495 577 1654 627 προορᾷ,
1684 589 1776 628 par-

268 630 344 669 tim
367 632 618 680 εἰρωνεύεται.
652 630 902 670 SCHAEF.

332 699 447 739 1394,
480 700 538 740 ¹3·
565 686 803 739 ὑπήκουσαν]
833 686 981 726 Graeci
1013 686 1302 740 stupiditatem
1334 700 1405 725 seu
1437 685 1678 726 simulantes
1706 701 1777 726 seu

268 756 407 782 veram
429 743 552 781 rebus
578 742 814 795 prodentes.
848 743 1050 782 REISK.

334 811 448 851 1394,
476 808 539 852 15.
569 799 902 851 ἐμνησικάκησαν]
930 798 1208 838 Athenienses
1230 798 1305 837 hoc
1328 798 1434 837 bello
1459 798 1655 846 defuncti,
1679 812 1776 851 quo-

268 868 359 892 rum
380 854 522 893 laudes
543 854 620 893 hac
648 854 837 894 clatione
858 868 920 907 pl
908 853 1034 894 ‘medic
1027 859 1163 894 1·1111111.
1199 856 1277 893 RE
1285 855 1397 893 ISK.

332 912 622 964 1594,1ἐξ
663 910 1036 963 ἀνάγκης-νικᾶν]
1080 910 1237 950 (1·1111(10
1272 915 1387 950 tacet
1427 924 1609 963 pugnam
1645 924 1777 963 aequo

273 967 413 1006 Marte
443 925 684 1020 pugnatam.
728 966 988 1019 Omninoque
1018 971 1133 1006 totus
1162 966 1230 1019 qui
1263 965 1449 1018 sequitm
1475 966 1587 1005 locus
1617 965 1777 1020 insigne

269 1026 333 1061 est
363 1022 569 1075 specimen
602 1022 704 1062 aitis
735 1021 986 1075 sophisticae
1023 1036 1108 1061 rem
1140 1022 1405 1075 injucundam
1436 1021 1496 1061 ita
1528 1022 1699 1061 xelantis
1731 1027 1777 1062 ut

271 1078 589 1117 Atheniensium
619 1078 780 1118 vanitas
811 1078 861 1117 de
892 1082 1039 1118 eventu
1072 1093 1201 1132 paene
1228 1077 1395 1132 gloriari
1425 1092 1545 1131 posse
1574 1077 1775 1117 videatur.

273 1134 517 1173 SCHAEF.

335 1203 450 1243 1394,
476 1203 539 1230 21.
563 1192 599 1229 οῖ
625 1193 880 1231 τελευτῶντες
907 1190 1098 1240 ἑκατέρων
1121 1191 1162 1229 ἐν
1184 1189 1309 1242 τάξει]
1340 1189 1418 1240 Qui
1441 1204 1491 1228 ex
1513 1189 1711 1243 utrisque,
1736 1189 1778 1229 id

270 1250 333 1285 est
368 1246 574 1298 utrinque,
610 1245 650 1284 in
686 1245 774 1285 acie
814 1246 1078 1294 occumbunt,
1114 1250 1202 1285 tam
1243 1245 1284 1284 in
1321 1245 1476 1285 victore
1512 1259 1636 1298 quam
1670 1245 1778 1285 victo

270 1301 468 1341 exercitu.
506 1301 559 1340 W
566 1302 688 1340 OLI

336 1367 450 1410 1595,
481 1371 511 1397 1.
541 1361 607 1396 τοῦ
634 1374 699 1406 της
706 1358 847 1420 ,χώρας
872 1358 977 1407 ἡμῶν
985 1358 1052 1410 —-]
1079 1357 1192 1397 Satis
1214 1372 1263 1396 ex
1286 1357 1349 1396 his
1370 1357 1554 1397 arbitr01
1575 1362 1777 1404 constare

270 1413 500 1453 orationem
531 1413 649 1461 1111110
682 1413 714 1452 si
751 1428 931 1466 unquam
969 1413 1081 1453 dicta
1111 1413 1276 1459 111113,111
1312 1427 1452 1453 caesos
1483 1413 1522 1452 in
1554 1428 1695 1467 pugna
1724 1413 1778 1453 ad

271 1469 555 1509 Chaeloncam
586 1484 674 1509 esse
706 1469 790 1509 dict
793 1484 874 1517 11111,
896 1470 967 1509 sed
998 1470 1050 1509 ab
1079 1469 1244 1508 homine
1274 1475 1387 1509 metu
1419 1474 1461 1508 et
1493 1469 1779 1522 desperatione

272 1525 468 1578 perculso,
493 1525 557 1565 cui
580 1525 751 1579 spiritus
772 1501 910 1565 essent
931 1525 1080 1579 dejecti
1104 1530 1146 1565 et
1167 1525 1287 1579 plane
1309 1525 1517 1565 exstincti.
1551 1526 1747 1564 REISK.

338 1594 451 1636 1595,
483 1593 517 1632 7.
558 1585 671 1632 δηλοῖ
704 1581 970 1632 δὲ-Ᾰείρήιης]
1016 1582 1272 1621 Humanitas
1312 1581 1476 1634 quidem
1517 1581 1697 1634 Philippi
1738 1581 1779 1620 in

271 1652 416 1677 caussa
437 1637 514 1677 fuit
536 1642 582 1677 ut
603 1642 646 1677 et
670 1637 877 1677 Diodorus
899 1643 941 1677 et
966 1638 1216 1677 Plutarchus
1237 1642 1460 1677 testantur.
1496 1637 1685 1676 WOLF.

334 1704 451 1747 1595,
480 1708 540 1733 10.
574 1695 788 1745 πρόφασιν]
819 1693 1005 1733 Subaudi
1038 1695 1161 1742 αὐτῆς,
1195 1693 1348 1733 scilicet
1380 1697 1444 1743 τῆς
1476 1693 1635 1744 εἰρήνης.
1700 1693 1778 1744 Qui

271 1750 458 1803 sequitur
492 1749 714 1803 genitivus,
744 1750 938 1789 τοῦ--τόν
975 1754 1048 1789 τῶν
1085 1750 1270 1789 ἐναντίων
1305 1751 1777 1799 κύριον-βούλεσθαι-,

271 1806 425 1858 pendet
446 1821 470 1845 a
491 1805 782 1858 comparativis
802 1805 1155 1845 antecedentibus.
1193 1805 1437 1844 SCHAEF.

328 1865 394 1901 τοῦ
414 1862 478 1912 τῆς
500 1862 589 1915 τῶν]
614 1861 820 1901 Notabilis
845 1876 1068 1901 concursus
1089 1861 1369 1901 articulorum.
1423 1861 1569 1911 Qualia
1591 1861 1780 1914 exempla

271 1917 347 1957 sibi
377 1933 401 1957 a
428 1933 492 1957 1110
523 1917 705 1957 indicata
738 1917 1004 1957 l⁴1chstadlus
1035 1917 1373 1957 commemoravit
1402 1917 1578 1970 praefat.
1601 1917 1653 1956 ad
1682 1917 1779 1956 Dio-

272 1975 360 2013 (101
387 1974 465 2013 Sic
490 1974 687 2027 101.1.])
711 1976 779 2026 58
817 1974 1064 2014 sCHAEF

338 2043 434 2083 59·
425 2058 452 2079 ,,
483 2043 539 2082 15.
572 2048 631 2069 και
659 2031 905 2084 τῆ-τόλμῃ]
935 2030 1090 2069 O1NJat01
1119 2030 1197 2069 hoc
1225 2029 1355 2069 dicit:
1391 2028 1670 2069 Athenienses
1691 2043 1779 2068 suc-

272 2086 472 2133 cubuisse,
497 2101 577 2125 non
603 2086 879 2126 Macedonum
902 2085 1149 2131 fortitudini„
1172 2086 1242 2125 sed
1264 2085 1475 2125 Fortunae
1495 2084 1778 2138 Philippoque.

272 2143 300 2180 J
305 2156 371 2180 am
395 2143 608 2182 Fortunae
629 2142 760 2181 nullos
782 2156 863 2181 non
892 2143 1035 2181 cedere
1057 2141 1146 2195 cogi
1165 2157 1172 2180 ;
1208 2142 1317 2194 quod
1343 2146 1484 2181 autem
1509 2139 1689 2194 Philippi
1711 2156 1778 2180 ars

272 2197 449 2237 bellandi
472 2197 646 2237 audacia
662 2199 811 2250 juncta
837 2198 1126 2250 praevaluerit,
1150 2198 1257 2236 solos
1278 2197 1402 2236 duces
1430 2197 1656 2250 culpandos
1678 2210 1776 2237 esse.

276 2254 518 2292 SCHAEF.

328 2310 572 2363 τῇ-τόλμῃ]
615 2308 851 2362 Philippum
891 2308 1114 2348 acerrimus
1154 2309 1240 2361 ejus
1276 2308 1423 2355 hostis,
1460 2308 1776 2356 Demosthenes,

272 2364 440 2404 summis
461 2364 662 2411 laudibus,
685 2365 811 2404 etiam
833 2364 942 2403 inter
962 2364 1254 2411 accusandum,
1275 2364 1399 2404 vehit.
1452 2364 1588 2414 Quare
1611 2378 1778 2404 necesse

273 2426 336 2461 est
364 2435 456 2459 011111
488 2420 752 2460 excellentem
785 2419 909 2459 fuisse
937 2420 1079 2467 virum,
1103 2419 1270 2459 tametsi
1299 2420 1484 2459 callidior
1515 2419 1556 2458 in
1588 2420 1779 2473 gerendis

273 2478 396 2517 rebus
441 2491 565 2529 quam
605 2476 645 2515 in
691 2476 891 2515 servanda
939 2476 1020 2515 fide
1070 2475 1298 2529 religiosior
1346 2476 1472 2515 fuisse
1522 2475 1776 2529 perhibetur.

280 2533 467 2572 WOLF.
530 2532 660 2586 Atqui
682 2532 759 2572 hae
781 2532 894 2585 ipsae
915 2532 1056 2571 laudes
1085 2531 1189 2571 satis
1210 2537 1391 2585 arguunt
1419 2532 1524 2571 hanc
1547 2531 1778 2571 orationem

275 2604 355 2628 non
385 2603 473 2628 esse
497 2588 801 2628 Demosthenis.
839 2587 1080 2626 SCHAEF.

338 2657 453 2699 1595,
484 2645 543 2684 18.
566 2643 904 2695 ἀντιποιήσεσθαι]
933 2643 1257 2693 ἀντιποιήσασθαι
1287 2643 1327 2683 S.
1354 2644 1407 2682 Y.
1433 2644 1480 2683 O.
1506 2658 1539 2683 v.
1585 2643 1703 2693 Quod
1732 2647 1779 2683 ut

274 2702 436 2755 plaeere
457 2700 599 2753 possit,
622 2700 790 2754 vulgata
808 2703 948 2739 tamen
977 2699 1078 2738 satis
1099 2700 1208 2738 bona
1236 2703 1312 2739 est.
1375 2699 1576 2738 Periodus
1599 2699 1707 2738 enim
1729 2713 1779 2738 ex

275 2757 442 2809 obliqua
462 2756 649 2796 oratione
670 2756 710 2795 in
732 2760 890 2795 rectam
910 2769 1106 2794 conversa
1127 2755 1184 2794 sic
1207 2755 1357 2795 habet:
1388 2757 1420 2794 εἰ
1441 2755 1482 2794 δέ
1503 2772 1625 2802 τις-,
1643 2755 1777 2800 οὐδεὶς,

276 2814 390 2862 οἶμαι,
421 2811 495 2851 οὔτ’
520 2813 778 2863 ἀναίσχυντος
804 2813 890 2851 οὔτε
918 2811 1106 2861 τολμηρὸς
1134 2813 1249 2852 οὕτως
1277 2811 1325 2851 ἂν
1352 2812 1419 2860 εἴη,
1450 2811 1555 2852 ὅστις
1586 2810 1778 2859 ἀντιποιή-

276 2886 454 2908 σεται-.
490 2868 732 2908 SCHAEF.

338 2937 454 2975 1595,
477 2936 538 2964 21.
562 2925 747 2975 ἀφεῖσθαι
768 2922 914 2975 κακίας]
938 2921 1128 2963 Libet-ari
1153 2923 1316 2962 crimine
1337 2922 1532 2976 ’ἰῃηαυῖαα
1598 2921 1649 2960 V.
1674 2936 1778 2974 quae
