1935 3200
278 110 376 154 1472

274 213 460 257 Corcyram
495 213 585 256 capit
617 212 823 246 Timotheus
845 221 919 256 172,
941 223 958 245 2

321 258 399 298 686,
421 270 474 291 21.
495 258 636 303 Olymp.
656 270 731 298 101,
750 271 782 299 4.

274 304 496 338 Corinthiaco
508 305 541 337 in
558 305 647 337 bello
659 305 889 338 Athenienses
901 315 996 348 egre-

318 351 409 395 giam
435 356 606 384 navarunt
631 362 770 394 operam
794 350 871 394 258,
891 361 942 383 11.
963 362 995 394 p.

319 406 398 440 472,
427 407 481 430 20.
522 396 660 440 attingit
693 397 871 440 ingentem
902 396 997 429 illam

320 442 465 481 cladem,
484 454 587 487 quam
606 442 836 476 Athenienses
854 442 890 475 in
907 442 997 475 bello

320 488 543 522 Corinthiaco
569 500 639 522 una
665 500 744 522 cum
771 488 871 521 sociis
895 499 913 520 a
932 488 996 521 La-

319 535 548 568 cedaemoniis
587 546 756 578 accepere,
788 534 896 567 coacti
930 534 996 567 sub

318 581 415 614 urbis
440 581 576 613 moenia
602 592 636 613 se
662 580 821 623 recipere.
873 579 996 613 Corin-

318 627 471 660 thiorum
506 627 678 671 plerisque
708 625 905 659 volentibus
938 637 996 658 eos

318 672 467 711 excludi,
494 684 537 705 ne
570 684 640 705 una
665 683 744 705 cum
778 671 863 715 ipsis
892 671 996 715 trepi-

319 718 482 752 dantibus
501 718 617 751 hostes
636 729 774 762 quoque
800 729 860 761 per
880 723 996 761 portas

317 770 474 809 patentes
515 765 551 797 in
592 764 715 797 urbem
755 764 996 807 irrumperent,

317 811 413 844 fuere
437 816 553 843 tamen
571 810 837 843 Atheniensium
856 809 995 854 quidam

318 857 430 895 amici,
450 857 508 901 qui
530 868 588 889 eos
610 867 786 900 recepere:
814 867 935 888 verum
961 855 996 888 hi

317 908 472 946 tempore
502 908 592 946 post,
623 901 901 935 Lacedaemoniis
928 901 996 934 Co-

317 949 434 981 rintho
452 948 581 992 potitis,
600 948 692 981 illinc
711 948 925 981 exsularunt.

273 994 535 1028 Corinthiorum
558 993 735 1027 studentes
756 993 915 1036 Philippo
933 1005 995 1026 no-

318 1041 496 1073 minantur
513 1052 546 1083 p.
566 1051 645 1083 324,
662 1051 714 1081 14.

272 1085 430 1120 Coronea
448 1086 502 1130 69,
519 1097 570 1119 10.
608 1085 788 1129 Philippus
808 1085 873 1118 sub
891 1085 995 1118 finem

317 1132 398 1165 belli
412 1132 548 1165 Phocici
565 1131 731 1164 desolavit
749 1140 826 1175 375,
844 1142 895 1163 12.
915 1140 993 1175 445,

320 1189 374 1211 21.
410 1184 511 1222 atque
524 1177 700 1210 Thebanis
715 1177 856 1210 donavit
869 1178 947 1218 858,
960 1186 993 1221 5.

317 1224 400 1257 haec
437 1230 469 1256 et
504 1223 644 1256 Corsiae
682 1229 714 1256 et
749 1223 993 1256 Orchomenus

316 1275 414 1303 erant
436 1276 505 1302 tres
525 1269 758 1302 Phocensium
777 1280 882 1306 arces,
901 1268 994 1302 unde

318 1316 353 1349 in
374 1316 552 1349 Boeotiam
570 1315 808 1348 excurrebant.
848 1315 991 1348 Diodor.

320 1362 388 1395 Sic.
409 1373 439 1395 2.
459 1374 492 1405 p.
509 1371 584 1405 127.

272 1408 423 1447 Corsiae,
454 1408 527 1451 pari
557 1407 697 1440 fortuna
727 1419 806 1440 cum
838 1406 996 1440 Coronea

317 1466 399 1487 usae
417 1454 496 1497 385,
514 1462 546 1497 5.
562 1466 594 1486 v.
608 1453 816 1497 XVesseling.
839 1453 882 1486 ad
909 1453 994 1486 Dio-

319 1499 392 1533 dor.
412 1501 434 1533 l.
453 1512 482 1533 c.

272 1546 353 1585 Cos,
370 1546 479 1579 Chius
498 1551 530 1578 et
550 1545 695 1578 Rhodus
711 1544 790 1578 Cari
808 1545 994 1588 permissae

317 1592 352 1625 in
370 1604 451 1635 pace
468 1591 614 1635 Philippi
633 1603 712 1624 cum
724 1591 852 1624 Athen.
869 1591 923 1634 63,
941 1594 991 1624 18.

321 1640 396 1682 198,
417 1649 471 1670 20.
522 1638 635 1670 Coum
654 1638 772 1670 vinum
791 1637 993 1680 exportaba-

317 1690 374 1717 tur
391 1685 425 1716 in
446 1684 597 1716 Pontum
616 1694 695 1727 933,
711 1692 762 1726 15.
782 1694 861 1727 935,
881 1684 913 1715 8.

271 1729 480 1774 Cottyphus,
507 1730 627 1768 Arcas,
659 1729 701 1762 ab
728 1729 993 1773 Amphictyoni-

317 1775 383 1809 bus
402 1775 472 1808 dux
491 1775 570 1808 belli
591 1775 677 1808 sacri
696 1774 809 1808 dictus
827 1775 993 1808 adieisus

317 1821 584 1865 Ainphissenses
606 1831 683 1872 277,
704 1832 757 1864 23
778 1830 856 1865 279,
875 1832 908 1864 3

271 1867 390 1912 Cotys,
418 1879 475 1900 rex
497 1867 674 1901 ’1111·ε.101ε10
718 1873 851 1900 mutata
877 1879 993 1900 rerum

315 1914 351 1946 in
375 1913 449 1946 Η’1111
452 1914 522 1946 acia
549 1913 651 1946 ficies
679 1913 721 1946 ab
748 1914 821 1957 ejus
849 1925 992 1946 excessu

317 1959 395 2003 623,
409 1960 460 1992 18.
500 1959 700 1992 Simultates
715 1965 746 1991 et
760 1958 892 1998 turbae,
906 1971 993 2003 quae

316 2017 395 2038 eum
425 2006 514 2038 inter
541 2011 572 2037 et
603 2005 855 2049 Miltocythem‚
887 2006 991 2038 alium

314 2051 480 2084 'lhraciae
514 2052 686 2094 regulum,
721 2051 990 2089 intercedebant,

315 2102 348 2130 et
375 2108 501 2140 magna
530 2097 694 2140 potentia,
720 2108 788 2140 qua
814 2096 921 2141 Cotys
948 2096 991 2130 ad

315 2142 514 2175 nocendum
550 2142 822 2175 Atheniensibus
871 2142 991 2175 abute-

315 2188 418 2221 batui
436 2187 514 2231 633,
531 2199 559 2221 1.
610 2188 815 2232 &liltocythe
842 2188 990 2227 sublato,

317 2233 599 2266 Cherrhonesum
629 2239 737 2266 totam
765 2233 916 2276 rapiebat
942 2234 989 2265 A-

315 2279 581 2323 theniensesque
606 2278 685 2311 inde
703 2279 893 2322 expellebat
911 2278 989 2320 658,

317 2324 371 2358 26.
402 2325 536 2357 civitate
554 2330 585 2357 et
603 2325 739 2357 coronis
757 2324 868 2357 aureis
884 2324 989 2357 dona-

316 2376 371 2403 tus
389 2371 454 2403 fuit
472 2370 514 2403 ab
535 2370 660 2403 Athen.
677 2370 755 2414 659,
769 2381 822 2403 21.
857 2382 988 2413 perem-

315 2423 371 2450 tus
405 2417 470 2449 fuit
498 2428 517 2449 a
541 2415 698 2460 Pythone
732 2421 764 2448 et
795 2416 988 2455 Heraclide,

315 2463 445 2502 Aeniis,
465 2463 523 2506 qui
544 2468 722 2512 propterea
739 2461 781 2494 ab
800 2461 989 2494 Athenien—

316 2509 412 2541 sibus
448 2508 561 2552 001)11
595 2519 707 2540 exosis
740 2507 874 2540 civitate
907 2513 989 2541 sunt

315 2554 528 2598 (1011011659,
549 2553 602 2586 26.
622 2554 700 2597 674,
717 2564 771 2586 20.
790 2565 822 2596 p.
842 2553 988 2597 669,17.

315 2601 473 2633 omnium
531 2599 712 2632 hominum
765 2599 989 2632 infestissimo

315 2646 393 2679 odio
411 2646 640 2678 Athenienses
661 2651 865 2688 prosecutus
883 2645 988 2678 fuisse

315 2691 451 2724 dicitur.
496 2691 679 2734 Iphicrate,
699 2691 797 2735 cujus
816 2702 913 2724 soror
931 2702 988 2734 pe-

314 2749 375 2770 nes
416 2749 496 2770 eum
537 2742 619 2775 erat,
654 2737 860 2769 abutebatur
892 2737 988 2769 initio

315 2783 480 2816 adversus
512 2782 753 2821 Athenienses,
780 2782 903 2815 deinde
936 2794 988 2815 re-

315 2834 494 2862 cusantem
533 2828 713 2872 cupiditati
747 2828 820 2871 ejus
862 2828 987 2861 servire

313 2886 480 2918 aegreque
518 2874 694 2911 ferentem,
729 2873 771 2906 ab
804 2885 844 2906 eo
879 2873 986 2907 Cher-

314 2919 500 2952 rhonesum
527 2919 797 2952 Atheniensibus
827 2919 910 2963 eripi
935 2925 985 2953 to-

770 112 941 148 INDEX
973 112 1290 149 HIsTORICUS

1096 217 1235 257 tamque
1263 212 1446 246 Phraciam
1479 213 1653 256 occupari,
1687 213 1773 258 abji-

1097 258 1207 291 ciebat
1225 257 1304 310 663.

1051 303 1227 344 Cratinus,
1253 305 1439 348 imperator
1464 304 1643 348 copiarum
1669 304 1772 348 pede-

1098 350 1223 383 strium
1239 350 1275 383 in
1292 350 1471 384 Euboeam
1489 350 1676 384 missarum
1693 351 1772 395 558,

1096 395 1128 428 6.
1152 396 1260 429 schol.

1051 441 1176 481 Creon,
1194 454 1254 475 rex
1270 441 1470 482 Thebanus,
1489 442 1531 475 ab
1549 441 1677 475 Athen.
1695 441 1773 475 ideo

1096 488 1253 530 punitus,
1269 487 1363 532 quod
1380 499 1497 521 caesos
1514 489 1550 521 in
1568 488 1658 521 bello
1675 493 1772 521 vetu-

1096 534 1179 567 isset
1204 534 1341 566 humari
1359 545 1523 578 1391,13.
1564 533 1644 567 inde
1670 533 1774 568 ducta

1099 591 1245 623 persona
1262 580 1392 624 tragica
1410 580 1488 619 288,
1503 591 1556 624 19.

1051 624 1299 669 Cresphontes,
1342 632 1588 669 argumentum
1637 625 1773 660 fabulae

1098 671 1304 715 Euripideae
1323 672 1400 710 288,
1417 683 1469 716 19.

1051 716 1187 757 Critias,
1202 729 1294 751 unus
1310 717 1351 750 de
1370 718 1511 762 triginta
1527 717 1693 762 tyrannis,
1705 717 1772 751 hoe

1096 763 1218 807 agebat
1235 769 1275 797 ut
1299 763 1464 797 Eetionea
1482 763 1772 797 Lacedaemonios

1096 809 1263 853 acciperet
1281 821 1379 853 1343,
1398 822 1430 854 9.

1051 854 1159 895 Crito,
1194 855 1298 889 homo
1339 856 1551 895 luxuriosus,
1591 855 1771 900 prodigus,

1095 901 1328 945 intemperans
1347 911 1446 946 1025,
1462 903 1514 936 18.

1051 946 1217 1026 01121ὲ1010,
1246 947 1414 991 oppidum
1442 947 1674 982 Cherrhonesi
1692 947 1769 992 672,

1171 993 1249 1037 6731
1270 1003 1324 1038 27·
1451 1039 1456 1044 ,

1050 1004 1194 1077 Ctesoias
1215 1040 1303 1072 filius
1323 1039 1477 1072 00001113
1495 1040 1594 1081 1258,
1610 1050 1665 1081 24.

1050 1065 1235 1124 Ctesibius,
1262 1085 1352 1118 filius
1375 1085 1533 1124 Diodori,
1555 1085 1770 1125 Halaeensis,

1098 1131 1245 1164 moritur
1271 1131 1363 1174 apud
1390 1131 1556 1176 Abydum
1584 1131 1620 1164 in
1650 1131 1770 1165 castris

1095 1176 1304 1221 Thrasybuli
1322 1188 1420 1221 1310,
1439 1186 1491 1221 17.

1051 1222 1215 1256 Ctesicles
1241 1235 1260 1256 a
1285 1224 1414 1266 populo
1440 1228 1549 1256 morte
1574 1222 1770 1262 damnatuS,

1096 1268 1189 1313 quod
1219 1269 1255 1302 in
1288 1269 1421 1302 solenni
1450 1268 1599 1313 quadam
1633 1280 1770 1312 proces-

1097 1315 1192 1348 sione
1212 1315 1349 1348 licentia
1373 1314 1536 1348 ludorum
1558 1314 1688 1348 abusus
1705 1315 1771 1347 ini-

1096 1361 1224 1394 micum
1242 1361 1416 1405 quendam
1435 1372 1538 1394 suum
1557 1361 1685 1394 scutica
1695 1372 1770 1394 ver-

1095 1406 1249 1440 berasset
1267 1416 1346 1451 572,
1366 1406 1421 1440 26.

1050 1451 1241 1496 Ctesiphon
1269 1452 1482 1491 Leosthenis,
1504 1451 1769 1496 Anaphlystius,

1094 1498 1138 1531 ob
1161 1499 1331 1532 decretam
1352 1498 1580 1532 Demostheni
1606 1510 1770 1532 coronam

1093 1556 1230 1578 auream
1250 1545 1292 1578 ab
1311 1545 1483 1578 Aeschine
1506 1550 1687 1577 accusatus
1706 1550 1768 1582 est,

1094 1591 1271 1624 Archonte
1298 1590 1504 1624 Chaeronda
1522 1601 1599 1634 243,
1618 1601 1670 1623 12.
1690 1590 1768 1630 266,

1098 1646 1148 1680 17.
1192 1637 1291 1670 Alius
1310 1637 1465 1680 ejusdem
1483 1636 1632 1670 nominis
1651 1636 1716 1669 fuit
1733 1637 1768 1669 in

1094 1683 1213 1725 primis
1237 1683 1435 1716 auctoribus
1465 1683 1558 1726 pacis
1582 1694 1661 1715 cum
1688 1682 1768 1715 Phi-

1092 1729 1186 1772 lippo
1218 1728 1389 1762 ineundae
1423 1740 1502 1772 344,
1526 1739 1580 1761 21.
1607 1729 1686 1771 346,
1712 1739 1766 1761 21.

1093 1785 1172 1819 371,
1196 1784 1247 1816 15.
1282 1786 1348 1816 442
1377 1775 1438 1807 ult.
1515 1774 1651 1807 Deinde
1695 1785 1768 1807 rem

1092 1820 1323 1864 peragendam
1342 1820 1507 1854 Aeschini
1529 1826 1561 1853 et
1583 1820 1768 1853 Philocrati

1092 1867 1246 1910 permisit
1264 1876 1342 1911 371,
1355 1876 1407 1908 15.
1439 1878 1518 1899 eum
1535 1866 1694 1899 Eubulus
1713 1877 1767 1899 sa-

1092 1913 1221 1956 crilegii
1247 1925 1308 1945 seu
1336 1913 1561 1956 pecuniarum
1591 1923 1767 1945 sacrarum

1091 1958 1184 1992 furto
1202 1959 1469 1991 interversarum
1487 1969 1585 1991 reum
1603 1958 1672 2001 egit
1686 1966 1766 2001 435,

1091 2004 1124 2037 8.
1185 2005 1285 2037 Duos
1319 2016 1338 2038 a
1369 2005 1470 2037 Dem.
1505 2003 1768 2037 commemorari

1093 2049 1197 2083 Ctesi
1188 2050 1336 2093 >bontas
1379 2056 1499 2083 auctor
1542 2055 1593 2083 est
1628 2048 1766 2093 Harpo-

1091 2102 1173 2129 crat.
1194 2096 1227 2129 h.
1243 2108 1274 2129 v.

1046 2142 1231 2185 Ctesippus
1251 2141 1482 2175 Glauconides
1501 2150 1598 2185 1352,
1616 2140 1670 2173 26.

1045 2187 1243 2231 CtesippUS,
1254 2187 1423 2220 Chabriae
1435 2188 1536 2225 filius,
1545 2198 1648 2230 quem
1662 2186 1763 2219 Dem.

1090 2238 1206 2266 tuetur
1231 2240 1315 2266 orat.
1335 2233 1370 2266 in
1390 2233 1568 2276 Leptinem
1587 2242 1650 2276 451
1668 2238 1763 2265 ante-

1089 2290 1167 2321 pen.

1044 2323 1173 2357 Cteson
1193 2323 1428 2357 Cerameensis
1445 2323 1542 2367 1361,
1563 2334 1617 2356 21.

1044 2370 1200 2413 Cyaneae
1227 2381 1340 2413 rupes,
1368 2370 1457 2402 intra
1483 2381 1568 2414 quas
1598 2381 1640 2402 ne
1666 2370 1762 2403 navi-

1088 2421 1183 2459 garet
1211 2415 1432 2448 interdictum
1458 2415 1524 2448 fuit
1553 2416 1653 2448 classi
1681 2415 1761 2449 Per-

1088 2462 1176 2494 sicae
1192 2472 1309 2505 429,2
1292 2487 1322 2494 -.

1043 2506 1094 2550 0)
1097 2507 1297 2550 prothemis
1328 2519 1348 2540 a
1371 2507 1455 2549 ligi
1457 2519 1531 2545 ane
1562 2507 1651 2550 regis
1680 2507 1761 2540 Per-

1088 2564 1203 2585 sarum
1224 2553 1348 2596 legato,
1367 2554 1577 2586 constitutus
1597 2552 1691 2586 Sami
1707 2559 1760 2597 ty-

1087 2610 1229 2637 rannus,
1267 2610 1285 2631 a
1317 2599 1500 2632 Timotheo
1541 2599 1668 2643 ejectus
1709 2604 1761 2632 est

1091 2655 1166 2688 193⁹
1184 2657 1217 2685 4-

1041 2689 1225 2734 Cyrebion,
1240 2696 1299 2723 aut
1316 2690 1419 2723 frater
1436 2696 1494 2723 aut
1512 2690 1674 2732 κηδεστὴς
1690 2690 1758 2723 Ae-

1086 2735 1215 2768 schinis
1234 2736 1282 2780 (h.
1302 2748 1330 2769 e.
1350 2736 1409 2781 qui
1429 2736 1499 2768 3110
1520 2747 1672 2769 sororem
1690 2736 1757 2768 Ae-

1086 2781 1238 2814 30111013
1232 2793 1266 2814 10
1284 2782 1505 2815 matrimonio
1521 2781 1671 2820 haberet,
1688 2781 1758 2814 sive

1085 2827 1184 2870 cujus
1214 2839 1311 2860 soror
1340 2839 1442 2871 penes
1468 2807 1676 2860 Aeschinem
1705 2838 1756 2859 es-

1085 2878 1164 2912 set),
1177 2874 1194 2905 ὁ
1208 2874 1389 2917 κατάρατος
1401 2872 1629 2906 Demostheni
1644 2872 1757 2906 dictus

1080 2929 1156 2962 433,
1177 2929 1230 2952 21.
1250 2931 1281 2952 v.
1301 2919 1493 2963 Epicrates.
