1920 3241
727 637 950 683 XXVII.

367 789 768 841 ADVERSUS
828 790 1214 842 APHOBUM
1262 791 1303 840 1.

314 1078 367 1117 A.
404 1078 792 1119 WESTERMAN
803 1079 863 1119 NI
908 1076 1363 1120 PROLEGOMENA

366 1208 418 1232 AD
454 1208 670 1234 οΙυΤιοΝῐῑε1
710 1210 901 1235 Turonum
937 1192 1311 1249 (xxvu—xxxr)'“

138 1341 435 1381 DEMOSTHENEs
457 1348 578 1396 pater
602 1343 874 1383 moribundus
899 1343 1082 1396 (Olymp.
1107 1355 1196 1390 100,
1218 1341 1277 1389 4.)
1303 1338 1597 1378 Demosthenis

80 1397 153 1437 filii
181 1399 393 1452 septennis
421 1404 464 1439 et
489 1399 602 1440 filiae
630 1400 904 1454 quinquennis
926 1399 1102 1439 tutelam
1126 1397 1306 1450 Aphobo
1335 1395 1489 1435 sororis
1513 1394 1597 1433 filio

80 1458 123 1494 et
158 1454 243 1495 filio
278 1455 420 1495 fratris
456 1456 738 1509 Denmphonti
775 1461 816 1496 et
856 1455 989 1495 amieo
1027 1453 1307 1506 Therippidae
1344 1450 1550 1491 commisit
1565 1460 1595 1490 ²².

82 1508 141 1549 Et
180 1510 274 1551 huie
315 1511 482 1565 quidem
523 1512 642 1552 simul
686 1524 737 1563 70
776 1512 983 1551 minarum
1023 1511 1328 1549 usumfructum
1376 1508 1505 1547 donec
1547 1521 1598 1546 ex

80 1565 251 1619 ephebis
285 1568 464 1621 pupillus
498 1583 687 1623 egressus
720 1575 827 1608 esset
862 1567 989 1615 dedit,
1025 1564 1309 1619 Demophonti
1346 1563 1472 1603 filiam
1504 1577 1597 1602 eum

83 1633 105 1662 2
129 1622 311 1673 talentis,
334 1624 511 1677 Aphobo
536 1638 708 1664 uxorem
736 1638 828 1663 eum
855 1626 908 1662 80
929 1623 1135 1662 minarum
1164 1622 1262 1661 dote
1277 1620 1307 1659 Ι).
1370 1620 1599 1659 Praeterea.

80 1678 249 1733 reliquit,
275 1679 454 1720 fabricas
483 1681 599 1729 duas7
629 1679 872 1720 cultrariam
901 1693 1038 1727 unam,
1068 1679 1108 1717 in
1138 1692 1219 1731 qua
1250 1690 1401 1729 operae
1430 1688 1483 1728 32
1514 1675 1599 1714 sive

81 1747 151 1788 33,
187 1749 238 1774 ex
279 1735 430 1789 quibus
471 1736 695 1790 quotannis
731 1750 785 1790 30
826 1735 1033 1775 minarum
1066 1734 1232 1802 fluorum
1271 1732 1384 1781 fecit,
1421 1731 1599 1771 alteram

80 1790 336 1832 lecticariam
372 1807 465 1832 cum
501 1792 636 1847 operis
673 1806 737 1842 20,
771 1806 946 1845 quorum
984 1792 1143 1830 fructus
1177 1793 1269 1829 erat
1308 1801 1353 1829 12
1392 1788 1599 1827 minarum

82 1847 318 1900 quotanniS‚
347 1852 438 1888 tum
467 1848 633 1904 argenti
660 1849 867 1889 talentum
895 1846 1132 1887 centesimis
1162 1852 1309 1885 mutuo
1341 1844 1498 1892 datum,
1529 1844 1598 1882 <le-

83 1903 179 1943 inde
207 1905 321 1953 ebur,
344 1905 511 1954 ferrum,
534 1905 691 1959 lignum
714 1906 778 1951 80,
801 1904 953 1957 gallam
979 1908 1021 1942 et
1050 1918 1120 1942 aes
1144 1914 1195 1955 70
1222 1901 1442 1948 minarum,
1466 1900 1598 1953 supel-

81 1959 271 2009 lectilem,
298 1961 457 2014 pocula,
481 1966 631 2009 vestes,
652 1961 852 2000 mundum
880 1959 1122 1999 muliebrem
1150 1958 1291 1997 decem
1318 1969 1425 1996 1000
1454 1956 1599 1996 drach-

82 2029 244 2055 marum
288 2017 424 2070 pretii,
466 2017 630 2071 argenti
673 2018 723 2056 80
765 2017 899 2056 minas
944 2018 1197 2069 praesentes,
1237 2017 1384 2053 mutuo
1431 2012 1533 2051 data
1576 2024 1598 2051 2

82 2072 244 2113 talenta
284 2078 327 2113 et
362 2077 416 2127 56
452 2073 611 2113 minas:
659 2087 835 2126 quorum
876 2086 1037 2111 summa
1078 2075 1141 2110 est
1179 2083 1225 2124 13
1268 2069 1431 2109 talenta
1466 2072 1507 2107 et
1544 2069 1599 2117 46

82 2127 219 2169 minae
233 2137 262 2168 0.
331 2129 394 2169 At
434 2133 597 2170 tutores
638 2129 858 2183 pecuniam
899 2127 1065 2181 quidem
1092 2126 1180 2166 ‘sibi
1221 2126 1401 2180 legatam
1442 2123 1600 2177 arripu-

83 2189 218 2231 erunt,
247 2185 448 2226 mandata
472 2200 555 2225 non
583 2186 874 2239 perfecerunt&
909 2198 1041 2238 neque
1064 2183 1268 2237 Aphobus
1296 2195 1468 2220 uxorem
1492 2194 1602 2219 mor-

83 2241 147 2280 tui
175 2255 308 2294 neque
330 2241 578 2296 Demophon
605 2241 734 2282 filiam
761 2241 803 2280 in
831 2239 1146 2280 matrimonium
1175 2238 1307 2286 duxit,
1330 2251 1464 2290 neque
1490 2240 1602 2275 σῖτον

83 2295 109 2336 i.
131 2311 166 2337 e.
194 2297 304 2337 dotis
332 2303 529 2352 acceptae
558 2312 728 2338 usuram
757 2297 814 2336 eis
843 2296 967 2336 solvit
996 2296 1201 2349 Aphobus
1229 2308 1362 2347 neque
1389 2291 1601 2346 magistris

82 2353 225 2407 pupilli
252 2354 495 2403 mercedem,
518 2368 651 2407 neque
679 2354 785 2393 οἶκον
811 2356 976 2402 μισθοῦν
999 2352 1218 2392 voluerunt
1233 2351 1262 2399 (¹,
1286 2350 1359 2389 sed
1387 2349 1464 2402 ipsi
1490 2349 1601 2387 bona

81 2409 491 2460 administraverunt,
521 2410 700 2450 fabricas
726 2409 1002 2449 vendiderunt.
1029 2413 1157 2462 atque
1186 2406 1324 2446 onmia
1353 2410 1440 2445 tam
1468 2404 1600 2457 impu-

441 2507 460 2523 ’κ
478 2506 528 2535 Ex
547 2505 732 2543 Quaestion.
751 2504 918 2534 Demosth.
936 2503 1022 2533 Part.
1041 2512 1070 2541 3.
1087 2512 1118 2541 p.
1138 2501 1253 2540 5—18.

129 2594 147 2611 a
162 2589 255 2619 Dem.
271 2599 295 2619 c.
311 2589 439 2627 Aphob.
455 2598 481 2618 1.
498 2600 527 2628 p.
542 2590 612 2626 814
646 2588 808 2618 Plutarch.

88 2631 154 2661 Vit.
173 2633 238 2662 dec.
256 2637 334 2661 orat.
352 2642 382 2670 p.
395 2632 458 2669 844
472 2632 507 2662 C.
519 2630 680 2670 ’‘Acpossovj
696 2635 811 2670 Θηριπ-

876 2599 984 2625 ,uem-os.
1032 2587 1122 2617 Idem
1145 2592 1251 2616 tamen
1274 2596 1304 2624 p.
1322 2583 1395 2614 861.
1421 2582 1603 2622 συνεπίτρο-

878 2642 945 2661 πος.
1000 2630 1050 2659 De
1080 2639 1142 2668 qua
1172 2638 1206 2657 re
1237 2627 1342 2666 paullo
1373 2632 1442 2666 post
1473 2626 1604 2655 dicetur.

87 2672 191 2709 πίδην,
210 2675 408 2712 Δημοφῶντα
427 2674 446 2709 ἢ
464 2672 600 2711 Δημέαν,
617 2675 703 2704 unde
725 2673 809 2702 Pho-

87 2717 152 2746 tius
168 2716 251 2745 Bibl.
266 2716 343 2746 Cod.
357 2715 428 2754 265.
442 2727 471 2756 p.
486 2726 561 2757 492,
574 2725 625 2753 34.
646 2716 676 2746 οἱ
692 2714 724 2745 δὲ
741 2715 810 2744 ἀντὶ

88 2759 301 2797 Δημοφῶντος
317 2756 443 2796 Δημέαν
461 2757 632 2797 εἰσάγουσι.
672 2759 732 2788 Sed
749 2758 808 2787 nisi

88 2800 179 2829 fallor
205 2800 393 2831 Plutarchus
419 2802 552 2831 scribere
578 2801 679 2831 voluit
705 2805 809 2837 Δημο-

88 2844 198 2881 φῶντα
224 2842 280 2872 τὸν
303 2841 462 2882 Δήμωνος,
485 2844 749 2883 quemadmodum
776 2842 809 2872 in

89 2884 184 2914 Dem.
203 2884 225 2913 l.
242 2884 263 2913 1.
283 2884 399 2924 legitur
423 2888 610 2925 Δημοφῶντι
631 2886 676 2923 τῷ
698 2883 809 2921 Δήμω-

90 2938 151 2963 νος,
180 2932 211 2957 et
238 2937 262 2957 c.
290 2927 416 2966 Aphob.
441 2936 471 2964 3.
499 2939 529 2967 p.
555 2929 627 2966 850.
662 2926 809 2964 Δήμωνος

91 2968 179 2999 ὄντος
196 2969 279 3008 αὐτῷ
300 2968 380 2999 θείου
403 2969 452 2999 καὶ
470 2971 615 3000 κοινωνοῦ
631 2970 687 2999 τοῦ
708 2967 811 3004 ἀδική-

878 2673 1032 2703 Demeam
1048 2682 1105 2710 pro
1124 2670 1308 2709 compendio
1327 2669 1465 2698 nominis
1482 2668 1602 2697 Demo-

878 2715 1006 2754 phontis
1029 2714 1139 2744 haberi
1162 2723 1251 2752 posse
1278 2712 1455 2750 suspicatur
1480 2710 1602 2739 RAsx-

879 2767 938 2787 lUs
956 2758 989 2786 in
1007 2756 1131 2786 Erschii
1150 2762 1182 2785 et
1198 2754 1335 2784 Gruberi
1352 2751 1602 2793 Encyclopaedia

878 2811 900 2830 s.
918 2810 950 2830 v.
967 2798 1197 2828 Demosthenes
1213 2808 1244 2836 p.
1263 2806 1274 2826 1
1286 2806 1294 2825 ι
1305 2805 1332 2834 3.

920 2841 938 2864 b
955 2842 1089 2871 De1n.²c.
1105 2840 1232 2879 Aphob.
1250 2848 1275 2868 1.
1294 2849 1325 2877 p.
1338 2839 1410 2873 814.

921 2889 936 2906 C
954 2884 1034 2913 Ibid.
1052 2893 1082 2922 p.
1099 2882 1161 2912 816
1178 2892 1221 2920 sq.

923 2928 940 2951 d
960 2926 1038 2956 Ibid.
1058 2936 1088 2964 p.
1103 2925 1174 2954 818.
1216 2923 1265 2952 De
1280 2921 1339 2951 hac
1354 2921 1508 2950 bonorum
1525 2919 1604 2948 loca-

879 2969 965 2999 tione
983 2968 1054 2998 vide
1071 2967 1213 2996 MEIER.
1228 2965 1266 2994 de
1282 2963 1336 2993 lite
1351 2963 1422 2993 Att.
1438 2972 1467 3000 p.
1480 2971 1543 3001 450
1559 2971 1602 2999 sq.

1006 3023 1028 3047 B
