1935 3200
310 129 419 170 1078
685 125 1007 166 ADVERSUS
1049 124 1355 165 APHOBUM
1392 125 1449 165 ΙΙ.

307 233 403 281 sint,
427 233 578 272 docent
600 231 829 284 sequentia.
876 229 1065 269 Primum
1086 230 1195 270 enim
1220 244 1347 284 grave
1371 230 1569 270 damnum
1589 244 1735 283 passus
1757 236 1822 271 est

307 288 613 329 Demosthenes
633 301 707 340 per
731 286 844 326 illam
867 285 1137 338 Thrasylochi
1162 286 1536 326 machinationem:
1571 286 1719 326 deinde
1738 301 1821 326 me-

307 345 511 385 tuendum
543 343 579 383 ei
607 342 686 382 fuit
717 357 768 382 ne
799 342 927 382 etiam
954 342 1123 396 reliquis
1150 342 1270 382 bonis
1298 342 1521 391 excideret,
1551 342 1597 390 si,
1627 343 1820 383 absoluto

310 400 506 454 Aphobo⁷
535 398 755 452 pendenda
783 402 892 438 esset
913 398 935 448 ἡ
957 399 1169 448 ἐπωβελία.
1234 398 1298 438 Ut
1325 403 1437 438 recte
1466 398 1633 439 dicatur
1658 400 1755 439 ὅσον
1775 415 1822 450 γε

306 457 417 498 τούπὶ
445 459 488 505 τῇ
520 459 596 494 τῶν
624 456 842 504 ἐπιτρόπων
871 456 1036 508 πονηρίᾳ
1066 454 1377 506 ἀπεστερημένος
1405 458 1481 495 τῶν
1508 455 1820 506 παραδοθέντων.

310 511 563 554 SCHAEF.

366 570 460 617 841„
489 568 551 606 18.
587 566 803 619 τι-ἅλλο]
848 566 897 605 In
933 567 1047 614 ἄλλο,
1087 567 1198 620 quod
1233 566 1458 620 respondet
1493 566 1647 606 Latino
1681 567 1821 614 secius,

308 624 557 665 subauditur
576 622 598 672 ἢ
620 622 806 674 προσήκει
827 628 902 663 aut
923 622 1069 673 ἢὴμεῖς
1090 622 1277 673 ἐθέλομεν
1299 623 1360 662 καὶ
1383 623 1602 673 ἐλπίζομεν.
1626 623 1821 664 REISK.

310 681 426 721 Infra
447 696 486 734 p.
507 681 600 729 842,
625 692 685 732 13.
710 681 743 718 εἰ
765 677 794 718 δ’
812 681 919 729 ὑμεῖς
942 680 1044 719 ἄλλο
1066 696 1102 718 τι
1121 680 1341 730 γνώσεσθε.
1374 678 1624 719 SOHAEF.

367 738 461 787 841,
487 748 550 777 20.
574 739 649 774 τῶν
669 734 941 788 ὑποθεμένων]
965 739 1040 775 τῶν
1061 735 1130 784 τὴν
1151 734 1347 785 ὑποθήκην
1368 736 1590 785 λαβόντων.
1623 737 1643 774 ὁ
1665 736 1823 777 ὑποθεὶς

311 795 371 834 καὶ
393 795 412 833 ὁ
433 791 671 842 ὑποθέμενος
693 790 901 840 differunt,
924 796 972 831 ut
992 791 1034 831 τὸ
1058 791 1206 831 τιθέναι
1230 791 1291 830 καὶ
1312 790 1450 830 θέσθαι
1472 793 1615 841 νόμον;
1647 805 1823 844 quorum

309 850 424 904 prius
460 853 524 888 est
559 847 818 901 legislatoris,
855 847 1063 901 posterius
1100 847 1255 901 populi.
1296 847 1487 887 WOLF.
1547 847 1600 886 V.
1634 848 1825 888 Zonaras

312 922 351 961 p.
382 906 497 958 1782.
533 903 782 943 SCHAEF.

371 963 466 1013 842,
498 972 555 1013 15.
588 960 852 1013 τίνα-ἕξειν]
886 961 971 1000 τίνα
1000 977 1048 1010 με
1079 961 1210 999 οἴεσθε
1240 959 1376 1012 ψυχὴν
1408 960 1516 1011 ἔχειν
1546 974 1585 1012 p.
1613 972 1733 1014 1225,
1765 961 1824 1000 18.

313 1018 535 1073 Euripides
558 1016 693 1056 Orest.
715 1018 812 1069 526.
838 1017 911 1057 τίν’
930 1016 1310 1069 εἶχες-ψυχὴν--ς
1346 1015 1598 1056 SCHAEF.
