1935 3200
293 121 404 190 1056
798 145 859 185 IN
893 144 1304 185 THEOORINEM.

294 253 553 293 inimicorum
589 251 775 305 superari
798 267 806 291 ε
849 251 921 291 sed
958 254 1106 290 contra
1145 254 1222 289 est.
1285 249 1379 288 Non
1418 248 1496 296 ille,
1534 248 1606 287 sed
1641 262 1718 301 ego
1753 248 1806 287 ab

294 308 527 349 istiusmodi
548 308 718 362 collegio
739 307 999 347 inimicorum
1025 310 1171 346 contra
1192 319 1257 344 1110
1278 303 1610 358 conspiratorum
1631 304 1808 344 afflictus

295 380 398 405 sum.
432 366 635 404 REISK.

357 422 476 475 1336,
498 431 537 475 5.
562 419 717 474 τοῦτον]
742 419 1083 460 Demosthenem.
1116 417 1308 457 REISK.

358 479 476 531 1336,
501 488 537 530 7.
568 481 645 519 πῶς
663 476 698 530 3]
726 477 812 526 Qua
840 476 1005 515 ratione.
1067 474 1229 513 Deinde
1257 472 1444 526 sequitur
1470 472 1606 513 ratio:
1643 472 1710 512 τὸν
1737 472 1810 522 μὲν

296 533 557 584 Δημοσθένην
582 550 636 574 τις
665 552 695 572 κ.
719 550 749 572 τ.
773 537 811 571 λ.
836 532 1099 571 SEAGER.
1125 530 1241 570 Diar.
1267 527 1434 570 Classic.
1458 530 1523 568 61.
1546 543 1585 582 p.
1609 529 1675 568 66.

357 591 476 643 1336‚
508 603 566 630 10.
604 589 670 628 τὸν
703 588 975 640 περιϊόντα-]
1007 587 1070 627 Ut
1103 601 1183 625 non
1218 585 1272 625 illi
1304 584 1466 625 sontica
1495 599 1641 624 caussa
1670 582 1808 631 fuerit,

296 660 368 685 cur
403 650 573 685 vocatus
610 660 691 685 11011
727 644 905 684 adesset.
968 643 1157 683 Acerbus
1190 642 1231 681 in
1264 641 1588 681 Demosthenem
1621 645 1812 680 nostrum

296 716 543 742 sarcasmus.
581 701 837 742 SOHAEF.

359 760 478 812 1336,
505 770 567 797 12.
590 758 914 807 ἀνθυπωμόσατο]
941 755 1058 797 Citat
1081 753 1393 809 Harpocration
1416 768 1447 792 s.
1470 753 1509 792 h.
1532 768 1567 792 v.
1601 752 1794 791 REISK.

356 814 616 867 ἐπήγγελκεν]
640 814 693 853 V.
718 814 991 853 Schoemann.
1014 813 1065 851 de
1086 811 1158 851 lite
1180 811 1275 850 Att.
1298 825 1338 863 p.
1363 810 1457 863 698.
1492 809 1751 849 SCHAEF.

360 872 478 924 1336,
507 884 569 924 13.
591 872 700 921 ὑμᾶς]
728 870 865 909 Abest
886 870 939 908 ab
964 869 1016 908 A.
1053 867 1244 907 REISK.
1308 866 1437 906 Recte
1459 866 1591 906 abest.
1644 863 1813 917 Alioqui

298 926 507 966 diceretur
528 927 694 966 solenne
715 940 804 965 esse
821 925 1028 977 judicibus
1050 924 1092 963 τὸ
1114 922 1323 975 προσέχειν
1343 923 1502 964 τούτοις.
1551 920 1698 972 Qualia
1721 919 1811 974 quis

297 983 418 1031 dicet,
452 983 568 1035 cujus
600 982 765 1022 intersit
796 981 958 1035 placere
984 979 1223 1032 judicibus?
1269 979 1418 1032 Itaque
1449 977 1610 1018 scribo:
1654 978 1814 1028 φενακί-

298 1045 407 1087 ζουσι
428 1039 514 1080 τοὺς
536 1038 872 1090 προσέχοντας-.
911 1037 1166 1076 SCHAEF.

360 1097 481 1148 1336,
507 1107 571 1146 17.
592 1094 675 1145 μηδ’
698 1095 813 1147 ὑμᾶς]
842 1093 890 1132 F.
912 1095 1008 1143 ὑμᾶς
1028 1091 1139 1142 μηδέ.
1175 1091 1433 1130 SCHAEF.

361 1153 479 1204 1336.
506 1164 570 1190 21.
594 1151 713 1204 αὐτῷ]
741 1149 1026 1189 Demostheni.
1060 1147 1253 1187 REISK.

357 1209 432 1247 εἰσὶ
455 1207 497 1246 δέ
517 1206 708 1258 γε-παρ’
731 1206 852 1258 ὑμῖν]
884 1205 947 1245 Ut
970 1219 1049 1243 non
1073 1203 1255 1243 habituri
1286 1202 1370 1241 sint
1391 1216 1464 1241 cur
1487 1201 1814 1241 Demosthenem

300 1263 343 1302 in
359 1262 525 1316 judiciis
547 1266 737 1302 metuant
763 1261 1060 1301 adversarium.
1095 1262 1158 1299 SC
1168 1261 1208 1298 H
1216 1259 1354 1298 AEF.

362 1321 482 1372 1336,
509 1331 571 1358 22.
605 1318 724 1372 οὗτοι]
760 1317 966 1357 Advocati
1000 1315 1244 1356 Theoerinis
1277 1313 1509 1354 simultates
1541 1328 1633 1353 eum
1667 1314 1816 1354 Demo-

302 1375 450 1415 sthene
476 1374 730 1414 simulantes.
764 1374 958 1413 REISK.

364 1442 481 1485 1337,
508 1445 567 1471 10.
589 1430 659 1485 μὴ]
687 1431 734 1469 111
757 1434 898 1470 annot.
923 1430 1013 1470 crit.
1034 1430 1072 1469 d.
1095 1431 1141 1480 μὲ
1164 1428 1411 1483 typothetae
1433 1441 1549 1467 error
1570 1431 1632 1466 est
1655 1440 1730 1480 pro
1751 1424 1813 1476 μή.

363 1499 485 1541 1337,
512 1500 573 1527 12.
608 1488 770 1526 κωλύειν
805 1487 848 1525 τὸ
883 1485 1061 1539 πρᾶγμα]
1096 1486 1185 1525 Aut
1220 1485 1341 1538 plane
1377 1483 1552 1523 delenda
1585 1487 1683 1522 sunt
1713 1482 1816 1522 haec

301 1545 440 1592 verba,
473 1548 560 1592 aut,
593 1543 625 1582 si
656 1543 769 1583 locus
801 1542 902 1596 ipsis
935 1557 1032 1581 suus
1066 1541 1359 1596 relinquendus
1391 1546 1533 1580 tamen
1565 1543 1643 1587 est,
1675 1538 1816 1578 malim

300 1601 387 1642 τοὺς
410 1601 627 1642 κωλύοντας
649 1600 690 1639 τὸ
714 1603 881 1650 πρᾶγμα.
923 1605 1005 1638 tam
1028 1598 1268 1638 ‹instimemla
1290 1597 1439 1636 actione
1459 1610 1505 1635 ex
1525 1610 1565 1635 eo
1583 1609 1730 1648 ‘aenei-e,
1755 1593 1821 1634 σιιί

299 1671 433 1696 nomen
470 1662 523 1695 est
558 1656 701 1707 γραφὴ,
739 1670 858 1709 «μανι
895 1654 1167 1694 adscribendi&
1204 1660 1238 1693 et
1275 1652 1527 1706 proferendis
1562 1650 1686 1691 ‘verbis
1725 1650 1819 1704 ipsis

301 1727 439 1752 earum
468 1712 606 1765 layum,
636 1726 733 1764 qnae
761 1726 841 1751 rem
872 1711 1066 1762 ejusmodi
1098 1716 1236 1749 remus.
1272 1709 1466 1748 R-EISK.
1530 1707 1674 1747 Habet
1704 1707 1818 1746 locus

302 1769 412 1822 quod
441 1768 668 1821 displiceat.
732 1767 841 1806 Vide
872 1767 1001 1820 igitur
1029 1766 1183 1806 satisne
1212 1766 1361 1818 probes
1384 1764 1494 1818 quod
1523 1763 1621 1802 mihi
1644 1764 1816 1803 111111011-

302 1829 387 1864 tem
410 1824 547 1864 venit:
581 1825 657 1865 οὓς
681 1825 841 1863 κωλύειν
862 1824 904 1862 τὸ
927 1827 1098 1874 πρᾶγμα.
1143 1821 1362 1861 Leniorem
1385 1820 1549 1874 quidem
1571 1819 1819 1859 medicinam

302 1880 371 1920 vix
398 1880 594 1934 reperias.
658 1880 787 1919 Recte
808 1884 949 1919 autem
978 1892 1205 1932 pronomen
1234 1877 1453 1917 relativum
1481 1875 1684 1915 infinitivo
1701 1876 1818 1929 junc-

301 1941 392 1977 tum
419 1936 461 1975 in
489 1936 678 1976 oratione
709 1935 877 1988 obliqua
907 1935 1087 1989 ponitur.
1123 1935 1166 1975 ἃς
1195 1933 1437 1983 λελυμάνθαι
1468 1933 1554 1974 τοὺς
1585 1932 1818 1974 ἐπιστάντας

303 2007 343 2044 p.
372 2006 491 2046 1439,
528 2005 592 2045 25.
654 1992 904 2031 Plutarchus
946 1991 1002 2030 V.
1044 1989 1231 2030 Marcelli
1273 2004 1306 2028 0.
1333 1999 1396 2043 15.
1445 1989 1502 2030 οἷς
1541 1991 1710 2040 χρῆσθαι
1752 1987 1820 2027 τὸν

303 2048 556 2100 Ἀρχιμήδην.
619 2048 673 2087 V.
701 2048 825 2087 Marii
852 2063 886 2087 ο.
911 2060 925 2086 I
944 2060 973 2085 1.
996 2047 1061 2088 οὓς
1080 2046 1194 2098 μέχρι
1220 2049 1295 2084 τῶν
1315 2044 1527 2096 Ἑρκυνίων
1551 2046 1641 2083 εἵσω
1665 2043 1819 2093 διήκειν.

307 2104 460 2144 Strabo
482 2104 557 2144 vol.
577 2117 614 2157 3.
639 2119 677 2157 p.
700 2116 794 2157 323.
819 2103 963 2142 Tzsch.
988 2104 1051 2144 οὓς
1073 2105 1279 2142 καλεῖσθαι
1300 2101 1470 2151 ζέρεθρα.
1504 2101 1762 2139 SCHAEF.

363 2158 834 2213 μήτε-καταστήσαντα]
861 2160 950 2209 Quo
975 2158 1107 2211 magis
1139 2158 1364 2208 παράνομον
1389 2156 1438 2195 fit
1461 2156 1703 2196 Theocrinis
1723 2155 1820 2196 faci-

309 2230 386 2255 nus
408 2230 531 2269 quam
554 2215 672 2263 illius,
696 2230 817 2267 quem
838 2219 982 2255 orator
1002 2214 1096 2253 fixit
1119 2229 1152 2252 v.
1174 2227 1207 2252 1.
1242 2213 1501 2252 SCHAEF.

372 2282 488 2324 1337,
515 2283 578 2321 24.
613 2272 700 2309 ὅσοι
733 2271 868 2321 μὴ--]
914 2269 1033 2309 Conf.
1061 2284 1099 2322 p.
1122 2278 1240 2321 1327,
1266 2280 1330 2320 25.
1358 2268 1478 2321 1328,
1505 2280 1562 2308 12.
1597 2268 1819 2306 SCHAE-

310 2328 447 2367 FER.

370 2384 489 2437 1338,
520 2396 550 2422 1.
575 2384 801 2434 πολλαχῶς]
828 2380 1081 2420 Multimodis·
1098 2397 1110 2419 .·
1145 2379 1213 2419 ἐάν
1234 2378 1264 2418 τ’
1289 2378 1599 2431 ἐγγεγραμμένοι
1621 2378 1728 2428 ὦσιν,
1753 2378 1821 2419 ἐάν

309 2456 350 2479 τε
371 2439 434 2489 μή.
471 2439 729 2478 SCHAEF.

373 2495 493 2549 1338,
520 2505 580 2547 17.
611 2498 677 2534 τοῦ
701 2495 909 2545 ἀγραφίου]
937 2492 1002 2531 Ex
1023 2492 1100 2531 hoc
1129 2491 1217 2531 loco
1239 2491 1402 2531 videtur
1423 2490 1505 2531 ista
1526 2490 1638 2531 actio
1660 2505 1820 2544 compe-

309 2557 397 2592 tere
422 2551 619 2590 adversus
640 2564 710 2590 eos
738 2549 961 2595 debitores,
984 2562 1160 2601 quorum
1187 2547 1366 2595 nomina,
1389 2562 1485 2587 aere
1513 2562 1595 2586 non
1625 2547 1772 2594 soluto,
1796 2561 1818 2586 e

311 2622 405 2648 cera
435 2606 599 2660 publica
632 2606 894 2646 delerentur:
929 2604 1009 2644 alia
1039 2608 1181 2644 autem
1210 2617 1331 2657 posse
1362 2617 1430 2643 eos
1461 2602 1611 2650 invadi,
1645 2617 1819 2657 quorum

311 2663 479 2703 nomina
500 2677 712 2716 nunquam
740 2665 860 2702 erant
887 2659 1100 2713 inscripta,
1125 2660 1279 2700 scilicet
1310 2661 1482 2709 ἐνδείξει.
1541 2659 1650 2698 Vide
1672 2659 1722 2698 de
1743 2659 1820 2699 hac

311 2734 356 2759 re
385 2720 669 2772 disputantem
699 2716 989 2757 Hemsterhus.
1011 2716 1064 2755 ad
1098 2716 1254 2756 Polluc.
1288 2716 1323 2763 8,
1345 2729 1413 2768 54.
1447 2715 1704 2755 TAYLOR.
1769 2714 1822 2754 V.

313 2774 625 2829 Harpocration
648 2790 678 2814 s.
701 2789 736 2813 v.
761 2774 955 2826 ἀγραφίου
977 2776 1019 2812 et
1042 2772 1200 2811 Anecd.
1224 2772 1356 2812 Bekk.
1378 2786 1414 2825 p.
1442 2785 1528 2825 199,
1550 2772 1614 2813 28.
1637 2784 1732 2824 331,
1758 2783 1820 2810 21.

318 2832 576 2871 SCHAEF.

378 2900 495 2941 1339.
524 2900 558 2926 1.
582 2886 824 2940 Μοιροκλῆς]
851 2885 953 2925 Vide
980 2883 1098 2936 plura
1119 2884 1168 2923 de
1191 2884 1268 2923 hoc
1290 2882 1455 2922 homine
1475 2883 1586 2936 apud
1609 2882 1823 2923 valesium
