1935 3200
312 130 423 169 1350
818 127 879 166 IN
912 126 1323 168 THEOCRINEM.

374 246 492 286 1324,
515 244 553 284 5.
576 233 719 283 λόγους
740 232 893 284 λέγειν]
925 232 1096 272 Garrire
1115 245 1252 285 netyras.
1294 230 1514 285 Euripides
1538 231 1652 272 Med.
1669 244 1750 284 322
1775 232 1824 272 P.

309 290 360 340 μὴ
382 292 524 339 λόγους
551 288 659 340 λέγε.
719 287 939 328 Elmsleius
960 303 967 327 :
1002 293 1025 309 ‘⁶
1040 287 1118 338 Qui
1148 287 1248 327 dicit
1275 288 1325 337 μὴ
1347 289 1488 339 λόγους
1508 288 1615 338 λέγε,
1635 288 1756 341 jubet
1776 292 1825 328 ut

311 345 478 385 omnino
500 344 680 384 taceas.”
739 344 836 384 Alia
856 344 995 384 onmia
1015 344 1083 383 hic
1104 344 1216 383 locus
1237 343 1371 383 docet.
1403 343 1652 384 SCHAEF.

372 413 494 455 1324,
518 414 556 452 9.
587 404 662 440 τῶν
691 404 757 440 τοῦ
783 402 965 451 ἐμπορίου
988 400 1246 452 ἐπιμελητῶν]
1276 400 1340 439 De
1360 399 1426 439 his
1447 400 1614 440 consule
1636 400 1825 440 Petitum

313 457 398 496 LL.
422 456 555 496 Attio.
577 471 617 510 p.
636 469 732 510 511.
792 456 1011 496 Valesium
1038 456 1093 496 ad
1120 456 1376 509 Harpocrat.
1399 471 1437 509 p.
1462 469 1527 507 70.
1592 456 1825 496 Meursium

311 513 353 553 in
384 512 558 552 Piraeeo
595 527 628 552 c.
660 526 699 564 5.
737 518 780 553 et
816 513 952 552 Attio.
986 512 1102 552 Lect.
1133 526 1164 561 1,
1192 526 1255 566 19.
1293 511 1551 552 TAYLOR.
1612 513 1733 552 Adde
1771 513 1824 552 A.

311 568 599 610 Baumstarkii
637 568 882 622 Disputatio
918 569 969 608 de
1004 568 1266 609 curatoribus
1303 568 1477 622 emporii
1512 573 1554 608 et
1590 568 1826 608 nautodicis

309 626 422 679 apud
444 624 737 665 Athenienses.
780 625 975 679 Friburg.
997 626 1118 666 1828.

372 695 491 736 1324,
520 695 583 721 10.
617 681 804 735 ἐξέκειτο]
839 682 982 721 .Ῑαιἰιι’ί
1012 682 1164 722 (liutius
1191 687 1282 720 ante
1308 680 1514 720 concilium
1541 695 1588 721 ea
1615 680 1823 729 indicatio,

310 739 427 780 donec
456 738 523 778 ille
553 745 713 792 amento
742 745 896 792 accepto
926 738 1062 778 siverit
1092 752 1176 777 eam
1205 737 1355 785 iudaei,
1387 737 1607 791 antiquari,
1640 751 1658 777 e
1687 736 1827 777 rotulis

310 795 493 848 εωρίιιιρὶ,
526 793 752 834 vocantibus
781 809 869 834 eum
903 794 987 845 (sed
1008 794 1194 847 flustra)
1227 793 1285 833 ad
1314 794 1573 847 qaaestionem
1606 793 1653 833 de
1687 807 1826 834 caussa

310 851 596 892 introducenda
633 851 713 891 sive
751 850 995 891 consistentia
1025 849 1246 902 juclz'cz'buS,
1288 850 1357 903 qui
1396 850 1465 890 isti
1505 849 1563 889 rei
1592 856 1826 903 praeerant.

314 908 423 948 Vide
460 907 627 947 omnino
658 907 873 947 Valesium
907 907 961 947 ad
999 907 1254 960 Harpocrat.
1290 920 1329 959 p.
1362 919 1420 946 10.
1455 910 1498 946 et
1529 919 1597 957 41.
1628 905 1736 946 infra
1771 905 1827 946 ad

314 979 352 1004 v.
378 976 444 1015 24.
477 963 735 1004 TAYLOR.

375 1033 493 1074 1324,
514 1033 577 1072 24.
599 1020 668 1070 τὴν
690 1019 912 1074 ἀνάκρισιν]
933 1019 1062 1059 Recte
1084 1019 1279 1059 Budaeus
1301 1018 1402 1058 haec
1424 1018 1551 1058 vertit
1569 1033 1577 1057 :
1607 1018 1829 1071 acly'udiciz'

312 1076 618 1118 constitutionem
652 1090 885 1129 caussaeque
918 1076 1131 1115 ανονιῖίιινι.
1198 1075 1299 1115 Vide
1330 1089 1457 1128 supra
1489 1075 1542 1115 ad
1573 1089 1607 1114 v.
1639 1088 1701 1114 10.
1763 1074 1829 1114 Ea

313 1137 452 1173 mente
481 1132 646 1186 scripsit
668 1132 723 1171 A.
748 1132 904 1172 Gellius
927 1147 968 1186 5,
991 1145 1052 1171 10.
1084 1132 1140 1171 Et
1169 1145 1252 1171 cum
1286 1132 1516 1183 adjudices
1545 1130 1828 1183 conjiciendae

314 1189 686 1241 consistendaeque
707 1202 877 1228 caussae
894 1188 1032 1241 ῃιάίιόι
1054 1187 1255 1235 venissent,
1278 1194 1359 1227 ίιιηι
1381 1188 1622 1241 Protayoras
1641 1187 1698 1227 sic
1718 1200 1827 1226 exor-

312 1260 378 1286 sus
404 1251 455 1285 est
480 1249 557 1285 etc.
620 1244 714 1284 Non
737 1249 801 1284 est
817 1244 1019 1298 judicium
1040 1244 1186 1297 ipsum,
1210 1243 1279 1283 sed
1304 1243 1432 1296 ipsius
1451 1242 1827 1297 praeparatorium,

314 1301 383 1341 ubi
406 1301 622 1354 quaeritur
648 1301 735 1351 περὶ
761 1305 838 1340 τῶν
859 1302 1141 1340 συντεινόντων
1170 1301 1223 1341 εἰς
1250 1300 1319 1339 τὸν
1345 1301 1488 1350 ἀγῶνα,
1512 1304 1653 1339 utrum
1680 1313 1829 1339 caussa

314 1357 572 1397 instituenda
594 1356 660 1405 sit,
683 1371 826 1396 necne.
887 1357 946 1396 Οὐ
967 1357 1095 1397 πάσας
1116 1357 1231 1403 δίκας,
1255 1355 1389 1409 inquit
1414 1355 1576 1403 Suidas,
1599 1356 1829 1395 κελεύουσιν

315 1415 351 1454 οἱ
377 1415 488 1464 νόμοι
514 1413 758 1465 εἰσάγεσθαι,
783 1414 885 1461 ἀλλ’,
909 1415 978 1452 ἐὰν
1000 1415 1019 1452 ὁ
1042 1414 1199 1464 φεύγων
1222 1411 1407 1466 ἀντιλέγῃ
1438 1413 1499 1452 καὶ
1526 1411 1829 1463 παραγράφηται.

313 1470 444 1522 λέγων
485 1471 748 1520 εἰσαγώγιμον
787 1469 838 1519 μὴ
879 1469 978 1509 εἶναι
1019 1469 1148 1518 αὐτὴν,
1186 1470 1374 1519 πρότερον
1416 1469 1477 1508 ἐπὶ
1518 1469 1636 1521 τούτῳ
1678 1469 1828 1519 γίνεται

316 1527 451 1578 κρίσις,
472 1527 553 1576 ἥτις
577 1527 680 1575 δίκης
705 1525 904 1577 ἀνάκρισις
924 1525 1096 1577 λέγεται.
1130 1524 1387 1564 TAYLOR.
1440 1524 1494 1563 V.
1514 1523 1827 1578 Harpocration

315 1596 347 1622 s.
370 1583 409 1622 h.
432 1597 467 1622 v.
501 1581 751 1622 SOHAEF.

373 1639 602 1691 ἐπεξῆλθεν]
650 1638 719 1677 Ita
758 1637 798 1676 in
836 1639 1100 1691 Arcrumento
1134 1652 1172 1690 p.
1202 1649 1320 1690 1321,
1348 1650 1410 1688 14.
1449 1640 1568 1687 φῆναι
1602 1637 1675 1686 μὲν
1711 1635 1829 1675 αὐτὸν

317 1693 440 1745 λέγει,
467 1694 533 1733 οὐκ
566 1696 791 1743 ἐπεξελθεῖν
819 1694 873 1734 δέ.
902 1670 977 1733 bEt
1006 1708 1046 1747 Ρ.
1069 1706 1188 1746 1323,
1212 1706 1249 1745 9.
1281 1694 1502 1743 φαινόντων
1534 1693 1595 1732 καὶ
1625 1692 1692 1731 οὐκ
1722 1693 1830 1741 ἐπεξ-

317 1751 468 1790 ιόντων.
509 1765 548 1802 p.
577 1762 694 1803 1329,
729 1752 794 1789 26.
829 1750 915 1791 δοὺς
947 1750 1162 1800 Θεοκρίνης
1194 1750 1327 1788 οὑτοσὶ
1359 1749 1429 1798 τὴν
1462 1748 1586 1800 φάσιν
1617 1749 1685 1787 οὐκ
1719 1748 1828 1797 ἐπεξ-

315 1809 425 1855 ῆλθε.
467 1810 510 1845 et
534 1821 573 1859 Ρ.
597 1819 716 1859 1333,
743 1819 807 1846 21.
835 1807 898 1846 ἵνα
928 1805 1174 1855 Δημοσθένει
1201 1822 1252 1855 μη
1279 1804 1468 1854 ἐπεξέλθῃ
1493 1821 1563 1854 την
1588 1803 1760 1856 γραφὴν,
1780 1802 1828 1853 ἣν

318 1862 521 1913 ἐγράψατο
558 1862 687 1901 αὐτόν.
749 1862 882 1902 Verte
916 1866 1083 1902 autem:
1127 1875 1211 1901 eum
1245 1874 1321 1900 non
1349 1861 1535 1914 paraisse
1568 1874 1686 1914 neque
1721 1859 1829 1900 litem

317 1917 538 1958 intendisse.
573 1918 698 1957 TAY
704 1918 832 1957 LOR.

376 1986 496 2026 1325,
519 1987 558 2027 3.
590 1974 676 2016 τοὺς
707 1974 870 2025 ἄλλους]
898 1973 950 2012 Id
981 1978 1044 2013 est
1075 1974 1162 2015 τοὺς
1193 1973 1244 2023 μὴ
1276 1974 1499 2014 ἀδικοῦντας
1529 1976 1604 2011 τῶν
1636 1973 1825 2022 ἐμπόρων.

317 2029 536 2069 dissimiles
564 2029 644 2069 illis
672 2029 973 2070 mercatoribus
1000 2029 1210 2083 improbis,
1240 2029 1281 2068 h.
1304 2043 1339 2068 e.
1364 2029 1516 2082 probos
1544 2032 1587 2068 et
1615 2028 1827 2068 honestos.

319 2086 521 2125 REISK.

378 2153 498 2194 1325,
523 2142 559 2181 8.
593 2142 877 2190 ἔνδειξιν-καὶ
907 2140 1138 2193 ἀπαγωγήν]
1177 2140 1286 2180 Vide
1324 2140 1572 2180 Salmasium
1602 2140 1653 2179 de
1686 2140 1747 2178 Μ.
1773 2139 1826 2179 U.

318 2211 359 2249 p.
385 2198 476 2248 781.
503 2198 597 2248 782.
619 2201 662 2236 et
686 2197 918 2236 Heialdum
940 2196 1159 2235 Animadv.
1179 2209 1273 2249 4,9.
1299 2198 1335 2250 ξ.
1359 2211 1383 2249 9
1406 2210 1487 2249 seq.
1513 2195 1771 2235 TAYLOR.

378 2265 394 2291 I
402 2264 498 2305 325,
523 2263 586 2305 15.
614 2252 867 2304 πεποιηκότα]
898 2251 1041 2291 Lectio
1069 2251 1229 2299 Vitiosa,
1257 2266 1381 2304 quam
1409 2252 1478 2304 qui
1507 2251 1549 2290 in
1575 2252 1828 2300 πεποιηκότος

316 2307 379 2347 vel
410 2309 633 2356 πεποιηκότι
663 2307 815 2347 mutaii
850 2307 1079 2354 voluerunt,
1112 2306 1412 2347 constluctioni
1445 2307 1665 2346 veiborum
1694 2306 1828 2360 magis

317 2362 614 2403 consuluerunt
645 2377 769 2416 quam
800 2363 948 2411 sensui,
981 2362 1050 2416 qui
1082 2364 1269 2404 πεπεικὼς
1301 2364 1432 2410 αὑτὸν,
1465 2362 1826 2415 quod'Dobraeus

318 2419 494 2471 conjecit
521 2419 672 2459 collata
692 2433 730 2472 p.
752 2430 819 2471 57,
844 2430 903 2470 17.
926 2429 1021 2472 373,
1042 2431 1082 2469 4.
1106 2418 1293 2472 conjecit,
1317 2418 1379 2459 vel
1407 2418 1536 2458 simile
1561 2418 1660 2472 quid
1688 2418 1825 2472 requi-

320 2488 412 2514 rere
434 2474 609 2514 videtur.

380 2543 500 2584 1325,
535 2543 599 2570 21.
631 2530 700 2569 τὸν
735 2530 1232 2584 νόμον--ἀναγνωο-θέντα]
1270 2530 1458 2569 Priorem
1492 2531 1625 2584 legem
1660 2529 1827 2570 violavit

319 2589 369 2639 τῷ
397 2586 670 2637 καθυφεικέναι
695 2585 737 2624 τὸ
758 2589 928 2636 πρᾶγμα,
951 2586 1221 2639 posteriorem
1242 2587 1293 2640 τῷ
1315 2591 1589 2638 συκοφαντεῖν.
1615 2586 1828 2627 SOHAE-

381 2698 499 2750 1326,
522 2712 561 2751 3.
591 2697 735 2751 τρίτον]
766 2696 907 2736 Minus
929 2698 1033 2737 bene
1060 2697 1128 2737 alii
1155 2697 1248 2737 libri
1276 2698 1346 2737 τὸν
1367 2699 1506 2749 τρίτον.
1548 2697 1726 2749 τέταρτος
1749 2697 1826 2736 τοί-

321 2769 390 2792 νυν
412 2754 540 2803 ἕτερος
562 2755 678 2803 νόμος
701 2754 807 2792 ἐστὶν
827 2767 866 2807 Ρ.
889 2766 1007 2807 1327,
1032 2754 1093 2792 18.
1129 2754 1373 2792 SCHAEF.

380 2810 498 2860 1326,
525 2821 560 2859 7.
605 2809 625 2848 ὃ
661 2823 740 2848 om.
774 2809 826 2848 A.
854 2823 887 2848 r.
949 2809 1067 2858 Quod
1103 2809 1136 2848 si
1175 2809 1396 2857 omittitur,
1434 2808 1823 2862 interpungendum,

318 2865 578 2914 γραφόμενος.
623 2866 755 2914 ἕτερον
783 2866 824 2904 δὲ
851 2865 994 2915 τρίτον,
1018 2864 1060 2906 ὃς
1088 2867 1226 2914 ὁμοίως
1254 2863 1482 2914 κελεύει-ἢ
1511 2869 1587 2904 τῶν
1616 2865 1825 2913 ἐπωνύμων

320 2935 383 2970 τῳ,
406 2919 625 2969 φανήσεται
647 2921 755 2961 οὗτος
776 2921 1018 2971 ὀφείλων-.
1054 2921 1166 2970 Quod
1185 2927 1314 2960 ararem
1334 2920 1392 2959 ad
1408 2919 1566 2960 tertiam
1587 2920 1713 2960 aliam
1733 2919 1825 2959 atti-
