1925 3215
715 128 999 169 EPISTULA
1014 128 1058 167 E.
1537 130 1644 169 1455

202 235 319 287 1483,
346 249 401 274 11.
426 236 617 288 περίεστι]
653 235 842 275 Rccurrit
864 251 898 274 v.
922 247 982 286 17.
1008 237 1048 274 ἐκ
1071 238 1136 274 τοῦ
1158 238 1356 285 περιόντος
1380 250 1413 274 v.
1437 247 1480 287 15
1501 252 1507 274 ;
1533 236 1643 287 quod

137 296 281 330 orator
302 292 401 331 alibi
426 292 528 332 (livit
551 294 591 331 ἐκ
614 293 851 343 περιουσίας.
898 292 950 331 V.
978 291 1066 331 lnd.
1091 291 1321 331 (iraecitat.
1364 292 1614 331 SCHAEF.

200 348 314 401 1483,
341 351 404 387 26.
428 349 622 403 ἀφήκατε]
658 348 725 387 sic
748 347 873 387 ctiam
894 363 959 401 ap.
984 348 1182 401 Ilei-mog.
1202 348 1279 387 vol.
1303 362 1340 400 3.
1365 363 1402 401 p.
1431 360 1522 401 235,
1547 362 1554 387 1
1575 362 1605 387 1.

196 406 314 455 1484,
337 417 376 457 3.
401 405 600 457 ἐρανίσας]
642 404 764 443 Hunc
796 404 929 444 locum
953 404 1145 444 videntur
1170 410 1381 457 spectasse
1406 404 1639 458 Etymolog.

135 459 196 499 M.
219 474 258 513 p.
280 462 375 514 369,
398 463 465 513 36.
488 465 530 500 et
557 460 730 500 l‘hotius
752 475 790 513 p.
813 474 871 508 11,
900 472 964 500 22.
1008 460 1162 500 seim
1175 461 1258 500 151³.

190 519 237 555 τὰ
267 517 361 567 πρὸς
391 519 487 566 ὑμᾶς
517 516 716 569 διοικήσω]
760 516 957 556 ῘΙΙιιῖείαηι
993 516 1096 556 milei
1131 517 1351 570 lrroyatwn
1386 517 1545 557 aerario
1577 517 1641 556 de-

124 572 317 625 pendam.
364 573 415 612 V.
435 588 469 612 v.
490 585 550 612 11.
576 572 831 612 SCHAEF.

196 630 313 680 1484,
335 642 373 682 5.
399 629 590 682 ἐπίχειρα]
622 629 674 669 V.
703 628 743 668 L.
772 628 886 669 Bosii
910 629 1052 682 Ellips.
1075 644 1113 683 p.
1137 643 1232 683 304.
1276 629 1524 669 SCHAEF.

195 686 313 735 1484,
337 697 374 736 7.
397 684 619 736 ἐν-τάξειἸ
652 686 721 725 Sic
742 692 785 725 ut
805 692 929 725 ‘cestra
947 687 1085 740 [qratia
1106 686 1489 739 ona-(lnanlm{dasque
1502 693 1642 740 partes

132 747 237 795 ayat.
281 743 324 781 ἐν
346 742 523 792 ἐπηρείας
543 741 647 791 τάξει
676 743 738 781 καὶ
759 743 909 792 φθόνου
929 757 967 796 p.
995 755 1086 793 229,
1111 755 1168 795 13.
1235 742 1327 781 Non
1359 743 1534 782 multum
1567 743 1641 782 dif-

132 797 213 837 fert
238 797 451 838 Plutarchi
476 797 572 837 illud
596 798 649 837 V.
670 798 808 851 Pelop.
827 812 860 837 c.
886 812 948 838 10.
972 805 1078 838 extr.
1102 800 1121 838 ὁ
1143 801 1215 848 μὲν
1236 800 1304 838 οὖν
1325 800 1444 850 λόγος
1465 800 1576 841 οὗτος
1599 802 1641 839 ἐν

132 855 336 904 παροιμίας
365 854 470 904 τάξει
499 856 804 905 περιφερόμενος
832 854 948 906 μέχρι
980 859 1049 894 νῦν
1070 856 1295 902 διασώζεται
1322 857 1425 905 παρὰ
1450 859 1530 897 τοῖς
1544 856 1640 895 Ἕλ-

132 915 237 960 λησι.
278 911 337 950 sic
357 916 399 950 ιιί
410 911 694 964 paroenziacns
715 910 798 963 ejas
822 925 913 950 usas
936 911 1159 950 incaluerit.
1203 910 1454 951 SUHAEF.

193 968 312 1017 1484,
332 981 347 1006 1
362 981 393 1006 1.
419 969 472 1009 εἰς
492 967 562 1016 τὴν
585 967 745 1018 ἔκτισιν]
785 966 970 1007 Subaudi
992 967 1057 1017 τῆς
1079 968 1294 1017 καταδίκης.
1333 967 1485 1007 SUHA
1497 967 1581 1006 EF.

195 1023 312 1074 1484,
339 1034 399 1077 15.
422 1025 746 1074 διὰ-ἐπείσθην]
785 1023 909 1077 Vulg.
944 1025 1006 1063 διὰ
1037 1024 1205 1071 τούτους,
1228 1025 1291 1063 ἵνα
1321 1023 1642 1073 μὴ-ἠὸύναντο

132 1081 250 1119 ἁπλᾶ.
293 1081 479 1130 ἐπείσθην
491 1104 559 1119 —.
625 1079 833 1120 Micamus
854 1079 919 1119 hic
945 1080 985 1119 in
1007 1079 1216 1119 tenebris:
1250 1085 1547 1127 verumtamen,
1572 1080 1641 1133 qni

132 1140 271 1176 certae
303 1135 402 1175 nihil
432 1136 521 1190 opis
551 1135 756 1190 possimus
786 1136 1045 1190 promittere,
1068 1136 1335 1189 projiciamus
1363 1140 1519 1176 temere
1547 1151 1642 1176 con-

128 1192 346 1245 jecturam,
368 1207 393 1233 a
415 1207 497 1247 qua
517 1207 665 1232 caussa
685 1192 812 1232 nihilo
834 1193 909 1233 fiat
930 1192 1124 1233 deterior.
1184 1193 1289 1232 Post
1310 1193 1466 1234 τούτους
1487 1192 1640 1232 adden-

133 1248 230 1288 dum
266 1263 354 1289 esse
388 1248 453 1300 ὑφ’
477 1250 531 1289 ὧν
555 1249 764 1303 suspicor:
803 1255 972 1290 caetera
1008 1249 1146 1289 onmia
1184 1249 1358 1289 immota
1392 1263 1523 1296 servo,
1561 1249 1639 1289 nisi

133 1305 243 1358 quod
274 1310 473 1359 punctum
494 1311 699 1346 commate
730 1311 859 1346 muto.
921 1306 1012 1357 Quo
1037 1306 1229 1353 admisso,
1253 1305 1332 1346 erit
1354 1305 1455 1345 haec
1476 1310 1640 1345 senten-

133 1360 217 1402 tia:
242 1368 409 1415 propter
427 1362 503 1409 Itos,
526 1377 552 1402 α
573 1361 722 1416 quibus,
744 1369 798 1411 at,
821 1377 920 1416 quae
939 1362 1085 1416 simpla
1109 1377 1185 1402 non
1206 1368 1394 1416 poterant
1414 1362 1639 1416 dependere,

132 1431 179 1458 ne
209 1418 333 1472 dzclvla
363 1433 410 1458 ea
437 1419 707 1473 dependerent,
736 1419 978 1473 persuaderi
1014 1418 1115 1458 misai
1142 1433 1289 1472 passas
1323 1433 1422 1466 snm,
1456 1425 1497 1458 ut
1529 1419 1644 1470 apud

132 1481 312 1514 senatum
337 1475 460 1527 [forte
482 1475 842 1530 Areopagiticum]
867 1474 1148 1529 subscriptione
1170 1489 1278 1515 meae
1303 1489 1445 1514 manns
1467 1489 1641 1515 carerem

132 1531 433 1586 sponderemqne
446 1532 493 1572 de
509 1533 623 1572 certis
638 1531 870 1586 quibusdam
878 1530 1133 1586 pensionibus
1147 1531 1419 1584 praestandis,
1442 1531 1640 1571 REISK.

135 1586 334 1628 Fortasse
355 1589 411 1631 οἷς
431 1593 527 1642 post
547 1589 703 1631 τούτους
724 1588 890 1629 excidit.
925 1587 1177 1628 SCHAEF.
1238 1587 1394 1627 Addidi
1417 1589 1486 1629 οἶς.

194 1645 313 1696 1484,
332 1655 396 1697 17.
431 1646 756 1695 ἐπείσθην-τὰς
787 1646 1026 1696 καταβολὰς]
1066 1644 1214 1685 Malim
1245 1646 1310 1683 ὅτε
1342 1645 1526 1694 ἐπείσθην
1547 1646 1640 1683 ὑπο-

133 1699 490 1752 γράψασθαι-τὰς
522 1701 756 1752 καταβολάς.
801 1716 890 1741 cnm
918 1701 1151 1755 persuaderi
1181 1701 1281 1740 mila·
1301 1715 1445 1754 passus
1474 1714 1573 1748 snm,
1602 1707 1645 1740 ut

132 1755 360 1797 sol-ationem
379 1756 671 1806 subscriberem,
694 1758 736 1797 id
756 1763 836 1806 est,
852 1765 895 1798 at
917 1771 973 1796 me
990 1757 1149 1797 illormn
1169 1757 1322 1797 nomine
1341 1757 1645 1810 satisfacturam

133 1812 372 1866 reipublicae
391 1814 634 1868 sponderem,
658 1813 965 1866 utfidcjuberem
979 1827 1057 1866 pro
1077 1813 1176 1853 illis.
1212 1813 1403 1853 WOLF.

194 1870 314 1921 1484,
338 1883 403 1912 21.
426 1871 579 1920 ἀξιοῦσί
594 1872 657 1921 με]
694 1872 892 1922 ἔρχεσθαι.
934 1869 1185 1909 SCHAEF.

196 1927 313 1977 1484,
339 1938 404 1966 22.
429 1925 653 1977 συνέξομαι]
690 1926 839 1966 Potest
860 1925 990 1979 accipi
1022 1939 1097 1979 pro
1120 1924 1430 1978 συσχεθήσομαι.
1471 1926 1641 1964 contine-

133 1980 200 2021 bor
220 1981 322 2022 velut
342 1996 509 2022 carcere.
564 1982 712 2022 Nescio
734 1986 875 2022 tamen
896 1996 950 2022 an
973 1986 1160 2035 praestet
1181 1981 1410 2031 συνέσομαι.
1464 1980 1542 2020 Est
1563 1980 1641 2020 hoc

134 2037 298 2092 quidem
320 2038 529 2078 usitatius.
562 2038 755 2078 REISK.
817 2038 1111 2078 Hemsterhus.
1129 2037 1183 2078 ad
1201 2037 1347 2076 Thoni.
1368 2037 1427 2076 M.
1444 2052 1483 2091 p.
1500 2039 1578 2089 853
1602 2051 1641 2076 a.

133 2094 183 2134 de
204 2109 280 2134 usu
308 2095 385 2134 hoc
406 2095 639 2135 futurorum
670 2094 793 2134 medii
815 2095 1056 2148 disputans:
1092 2100 1115 2116 ‘⁴
1131 2095 1286 2143 ἕξεσθαι
1307 2095 1429 2147 φόνῳ,
1456 2093 1566 2146 quod
1597 2092 1638 2131 in

134 2150 324 2204 Euripid.
348 2151 418 2191 Or.
432 2166 490 2191 vs.
512 2162 608 2205 515.
634 2154 760 2205 [509.
783 2151 852 2190 ubi
877 2151 1110 2190 Porsonum
1131 2149 1239 2204 fugit
1265 2150 1365 2189 haec
1387 2149 1637 2200 annotatio]

132 2206 300 2247 minime
335 2207 639 2248 sollicitandum
670 2208 856 2248 videtur:
895 2208 1035 2260 ἀπορίᾳ
1069 2207 1129 2246 καὶ
1165 2208 1280 2261 φόβῳ
1319 2206 1527 2256 συνέξομαι
1560 2206 1642 2244 De-

133 2263 284 2303 mosth.
303 2264 380 2317 Ep.
397 2263 480 2304 III.
495 2279 535 2318 p.
552 2276 627 2305 201
648 2265 702 2303 A.
721 2278 841 2318 quem
864 2263 1054 2304 imitatur
1074 2262 1251 2303 Aristid.
1267 2262 1343 2302 vol.
1364 2276 1397 2301 1.
1413 2277 1453 2315 p.
1468 2274 1551 2316 520
1569 2261 1643 2301 B.”

133 2319 383 2360 SCHAEF.

194 2378 313 2427 1484,
340 2377 405 2418 28.
437 2378 603 2427 ἀκριβῶς
628 2376 727 2427 οἶδα]
764 2375 914 2416 Rarior
944 2375 1130 2415 adverbii
1164 2376 1332 2426 ἀκριβῶς
1363 2389 1461 2414 usus
1490 2374 1567 2414 hac
1600 2374 1641 2413 in

132 2432 321 2472 formula.
371 2432 426 2472 V.
450 2432 505 2471 H.
531 2433 734 2486 Stephani
757 2433 880 2472 Thes.
925 2431 1172 2472 SCHAEF.

198 2489 314 2541 1485,
335 2502 368 2527 1.
391 2489 434 2527 οὐ
455 2490 528 2539 γὰρ
551 2488 614 2542 δὴ]
647 2489 698 2539 μὴ
717 2491 792 2540 γὰρ
813 2503 958 2542 margo
982 2488 1247 2528 Lutetianae.
1308 2487 1358 2536 μὴ
1389 2486 1489 2525 illud
1522 2486 1642 2525 Lam-

132 2543 232 2591 bini,
255 2545 390 2590 credo,
413 2550 478 2584 est
499 2545 738 2598 conjectura
765 2548 1006 2595 προσδοκᾶτε
1037 2544 1231 2584 habentis
1262 2557 1337 2596 pro
1370 2541 1637 2595 imperativo:

134 2614 256 2653 quem
286 2600 454 2639 niodum
476 2600 602 2640 etiam
622 2600 800 2640 Wolfius
820 2601 1021 2640 vertendo
1048 2599 1266 2654 expressit.
1330 2598 1411 2638 Sed
1442 2603 1507 2637 est
1538 2597 1642 2636 indi-

135 2656 307 2703 cativus,
339 2657 455 2709 cujus
477 2656 537 2695 vis
563 2656 602 2695 h.
630 2656 656 2696 l.
683 2662 747 2697 est
777 2657 896 2710 longe
929 2655 1321 2710 significantissima.
1384 2653 1504 2693 Adeo
1541 2652 1642 2692 nihil

134 2712 365 2765 praesentis
392 2712 590 2765 pecuniae
618 2727 661 2752 se
689 2712 901 2767 possidere
930 2712 989 2752 ait
1017 2718 1061 2751 ut
1085 2711 1343 2751 confidenter
1364 2715 1488 2763 neget
1511 2709 1641 2749 Athe-

134 2768 296 2808 nienses
316 2782 392 2821 pro
414 2773 585 2808 numato
607 2783 649 2808 se
671 2769 825 2809 habere
846 2783 979 2822 posse.
1023 2766 1275 2807 SCHAEF.

196 2825 315 2876 1485,
340 2836 377 2862 2.
401 2825 454 2863 ὧν
475 2824 712 2878 ἀφίσταμαι]
750 2825 857 2875 Quae
884 2824 990 2867 *vobis
1010 2823 1113 2871 cedo,
1138 2829 1178 2863 ιιτ
1199 2822 1446 2875 satisfaciam
1469 2820 1641 2861 aerario.

137 2880 387 2920 SCHAEF.

196 2937 313 2990 1485,
336 2949 373 2989 3.
397 2936 613 2987 ‘ro—firm]
648 2937 743 2988 πρὸς
775 2938 919 2977 τούτοις
948 2935 974 2974 i.
1000 2950 1037 2988 q.
1066 2935 1152 2986 περὶ
1183 2938 1313 2982 ταῦτα,
1347 2935 1389 2973 ἐν
1421 2933 1464 2983 τῇ
1497 2933 1642 2973 τούτων
