1925 3215
615 719 1193 773 EPISTOLAE.

203 868 425 907 Emi-ome
452 867 530 906 hae
559 866 751 906 Bekkero
773 865 939 920 spuriae
962 869 1076 903 sunt.
1139 862 1342 916 Taylorus
1363 862 1417 901 ad
1439 861 1659 901 Aeschinis

146 924 321 978 Epistol.
353 938 392 976 p.
422 924 503 976 652
527 923 603 962 R.:
639 922 817 961 “Nemo
846 920 969 961 hodic
1001 924 1065 959 est
1098 918 1196 972 quin
1230 917 1527 957 Demosthenis
1560 917 1660 970 Epi-

144 980 274 1021 stolas
305 979 506 1020 confictas
536 983 664 1032 atque
697 978 766 1018 isti
793 976 949 1017 nomini
981 981 1138 1016 temere
1169 974 1344 1014 adsutas
1373 988 1462 1013 esse
1488 973 1659 1013 credat:

143 1037 248 1076 adeo
277 1035 499 1076 manifesta
528 1049 595 1075 res
625 1034 729 1074 estf'
792 1034 877 1073 Nec
909 1047 985 1086 pro
1013 1030 1215 1086 genuinis,
1238 1035 1285 1070 ut
1313 1030 1490 1078 videtur,
1513 1029 1663 1069 habuit

146 1092 394 1132 Piersonus:
428 1091 563 1131 citans
585 1091 695 1131 enim
718 1088 1066 1130 Demosthenicos
1098 1088 1210 1128 locos
1241 1087 1295 1127 ad
1324 1087 1458 1126 Moer.
1483 1101 1522 1140 p.
1546 1096 1598 1139 95
1620 1085 1661 1124 b.

145 1163 227 1188 non
259 1148 403 1188 citavit
433 1163 473 1201 p.
496 1149 615 1201 1463,
644 1148 705 1187 18.
770 1147 956 1193 Diversa,
989 1144 1148 1198 opinor,
1181 1142 1391 1183 sententia
1420 1142 1499 1182 fuit
1533 1143 1662 1182 IIem-

146 1204 355 1251 sterhusii,
378 1218 500 1258 quem
522 1218 558 1243 v.
580 1204 633 1243 ad
657 1203 804 1243 Thom.
832 1203 892 1241 M.
924 1217 963 1255 p.
989 1201 1067 1254 853
1091 1215 1128 1240 a.
1181 1200 1325 1252 Atque
1352 1198 1562 1238 Aristides
1588 1198 1661 1238 ali-

146 1265 248 1314 quot
269 1274 412 1300 earum
443 1260 555 1300 locos
581 1259 642 1299 ita
663 1259 768 1299 citat
789 1263 837 1298 ut
859 1256 1134 1298 Demostheni
1154 1256 1340 1296 tribuere
1372 1269 1453 1294 non
1479 1254 1659 1294 dubitet.

148 1317 203 1356 V.
228 1317 306 1357 vol.
334 1330 366 1356 1.
398 1331 438 1370 p.
464 1317 559 1370 536.
582 1315 660 1356 vol.
688 1329 724 1356 2.
754 1330 793 1368 p.
810 1325 906 1369 450.
931 1314 1055 1353 Jebb.
1123 1312 1354 1365 [Epistolas
1375 1311 1598 1351 secundam
1620 1314 1663 1350 et

146 1373 317 1413 tertiam
338 1372 558 1426 aliquoties
580 1372 685 1412 citat
701 1369 1027 1425 Hermogenes]
1074 1369 1218 1422 Neque
1239 1368 1363 1408 aliter
1382 1366 1660 1421 grammatici,

146 1434 194 1470 ut
215 1428 531 1482 Harpocration
553 1443 584 1467 s.
606 1443 643 1467 v.
670 1429 922 1478 ἐρανίζοντες,
949 1426 1152 1476 Καλαυρία
1178 1430 1220 1464 et
1248 1426 1388 1476 φθόην.
1425 1429 1468 1464 et
1491 1422 1662 1463 Antiat-

147 1485 290 1526 ticista
318 1485 360 1524 in
391 1485 524 1524 Bekk.
555 1484 733 1531 Anecd.,
764 1483 833 1537 qui
865 1482 1002 1536 Epist.
1027 1482 1060 1521 Ι.
1094 1480 1272 1534 primam
1303 1480 1407 1520 citat
1442 1495 1481 1533 p.
1509 1492 1598 1528 110,
1621 1492 1662 1532 5.

151 1555 245 1589 111,
274 1555 357 1596 31„
385 1541 523 1594 Epist.
548 1541 691 1594 111.p.
718 1551 782 1592 77,
811 1541 872 1587 16,
897 1552 962 1593 94,
986 1552 1024 1592 3.
1060 1537 1171 1577 Add.
1195 1542 1282 1577 not.
1304 1537 1358 1576 ad
1387 1551 1426 1590 p.
1453 1536 1568 1587 1481,
1595 1548 1662 1575 22.

154 1598 273 1648 1484,
296 1611 335 1650 3.
370 1597 477 1636 Mihi
499 1596 668 1650 quidem
689 1595 876 1649 quamvis
908 1594 1136 1648 suspicioso
1158 1599 1276 1634 certa
1300 1591 1456 1633 falsarii
1488 1591 1666 1645 vestigia

149 1653 458 1708 deprehendere
478 1667 562 1692 non
582 1652 711 1692 licuit.
774 1651 895 1703 Quod
922 1651 955 1690 si
988 1651 1063 1690 has
1087 1649 1300 1703 Epistolas
1321 1654 1465 1688 orator
1489 1647 1665 1688 Paeani-

149 1710 258 1750 ensis
289 1724 370 1749 non
399 1709 577 1762 scripsit,
596 1708 763 1762 scripsit
784 1708 909 1747 homo
930 1721 1011 1746 non
1034 1706 1375 1752 contemnendus,
1399 1704 1666 1758 dignissimus

149 1766 216 1806 ille
255 1765 446 1819 princeps
481 1765 620 1805 vocari
655 1764 950 1818 sophistarum,
986 1778 1007 1803 e
1044 1776 1219 1815 quorum
1252 1760 1425 1801 officinis
1465 1766 1532 1800 tot
1566 1759 1664 1813 Epi-

150 1822 282 1862 stolae
310 1821 600 1875 supposititiae
621 1820 866 1874 prodierunt
886 1836 894 1859 ι
928 1824 975 1859 ut
992 1819 1033 1858 in
1051 1818 1320 1871 semetipsum
1336 1817 1526 1856 videatur
1541 1816 1666 1855 fuisse

149 1878 389 1932 injuriosus,
410 1891 504 1916 cum
526 1877 674 1917 doctae
704 1875 863 1916 fraudis
893 1875 1100 1929 tegendae
1131 1888 1229 1928 ergo
1253 1874 1385 1913 latere
1415 1876 1667 1925 personatus

152 1948 278 1987 quam
308 1948 458 1973 nomen
488 1947 641 1986 magna
673 1931 966 1972 celebrandum
996 1930 1119 1970 laude
1146 1930 1200 1970 ad
1225 1928 1487 1983 posteritatis
1514 1942 1667 1967 memo-

151 1990 258 2030 riam
292 1990 468 2043 prodere
503 1989 657 2029 mallet.
719 1989 915 2027 Ceterum
951 1987 1052 2026 haec
1086 1985 1373 2040 intelligantur
1408 1985 1459 2024 de
1487 1989 1668 2037 quatuor

151 2046 296 2100 primis
318 2044 543 2098 Epistolis:
579 2059 675 2084 nam
703 2044 753 2084 de
776 2043 924 2096 quinta
952 2047 1154 2095 sextaque
1185 2056 1355 2095 prorsus
1386 2040 1592 2081 assentior
1618 2039 1668 2078 iis

153 2102 222 2155 qui
245 2117 270 2141 a
293 2101 574 2141 Demosthene
607 2099 785 2154 scriptas
816 2113 905 2139 esse
936 2103 1104 2152 negant.
1138 2097 1389 2138 SCHAEF.
1452 2096 1668 2149 Epistolae

153 2157 423 2212 proculdubio
445 2157 611 2210 spuriae
632 2161 675 2196 et
696 2155 908 2209 sophistae
930 2154 1176 2208 ineptissimi
1198 2154 1346 2194 foetus.
1383 2152 1554 2193 DOBR.

736 2301 1090 2323 ᾖφ-

685 2428 947 2473 EPISTO
961 2427 1055 2471 LA
1104 2426 1140 2470 I.

219 2545 336 2595 1462.
383 2542 1056 2596 EHIETOAH—OMONOIAE.]
1103 2540 1226 2580 Hanc
1265 2538 1498 2592 epistolam,
1541 2542 1587 2577 ut
1628 2543 1670 2577 et

159 2604 346 2640 caeteras
377 2600 464 2639 fere
497 2612 650 2645 omnes
688 2603 865 2651 apparet
898 2597 940 2636 in
975 2597 1098 2637 exilio
1133 2595 1344 2648 scriptam,
1378 2594 1429 2632 de
1463 2608 1544 2646 quo
1579 2593 1671 2632 vide

161 2655 308 2695 Vitam
328 2656 416 2708 ejus
438 2669 462 2694 a
485 2654 713 2693 Plutarcho
735 2653 999 2706 descriptam.
1026 2652 1217 2691 WOLF.
1266 2650 1390 2702 Vulg.
1414 2653 1537 2688 ΠΕΡΙ
1560 2653 1671 2688 ΤΗΣ

159 2714 465 2757 ΟΜΟΝΟΙΑΣ,
498 2712 781 2748 ΕΠΙΣΊὈΛΗ
815 2713 1019 2748 ΠΡΩΤΗ.
1082 2706 1337 2756 Δημοσθέυης
1361 2708 1406 2759 τῇ
1435 2707 1577 2753 βουλῇ,
1611 2705 1672 2743 καὶ

160 2767 212 2819 τῷ
241 2766 344 2818 δήμῳ
372 2767 536 2817 χαίρειυ.
597 2764 761 2804 Titulus
784 2763 1247 2815 Δημοσθένης-χαίρειν
1267 2761 1387 2800 abest
1409 2775 1434 2799 a
1456 2760 1670 2807 Bavarico,

161 2821 235 2861 sed
255 2821 407 2875 legitur
426 2835 523 2860 mox
544 2833 650 2872 pone
672 2821 843 2859 verbum
864 2819 1083 2859 ἐπιστέλλω
1105 2833 1146 2870 p.
1168 2819 1288 2869 1463,
1306 2827 1344 2870 5.
1400 2816 1542 2868 Atque
1564 2815 1671 2855 hanc

161 2877 203 2916 in
225 2877 365 2916 sedem
385 2891 461 2929 ego
486 2875 651 2915 deduxi
714 2875 830 2914 Idem
857 2880 921 2915 est
946 2875 1168 2914 verborum
1195 2873 1297 2912 ordo
1324 2872 1367 2910 in
1394 2871 1574 2911 editione
1600 2871 1672 2911 ha-

161 2947 255 2972 rum
284 2932 554 2986 epistolarum
582 2930 717 2984 prima
740 2931 794 2970 ab
821 2931 932 2970 Aldo
958 2934 1118 2978 curata,
1146 2942 1229 2967 non
1257 2927 1423 2981 quidem
1451 2927 1494 2967 in
1519 2927 1672 2967 oratio-
