1925 3215
668 126 724 165 IN
768 125 1073 165 ΩΟΝΟΝΕΜ.
1517 124 1626 164 1315

176 233 298 280 1261,
322 245 357 272 2.
394 232 558 284 τούτων]
593 232 631 271 Λ
665 232 845 280 Conone,
877 232 1028 279 Ctesia,
1060 231 1148 282 ejus
1182 229 1279 277 filio,
1313 235 1357 269 et
1389 229 1625 281 Theogene,

115 287 396 327 Andromenis
418 287 514 327 filio.
560 288 614 327 V.
638 303 676 341 p.
700 300 819 341 125‹),
846 302 904 328 10.
939 287 1133 326 REISK.

175 346 295 391 1261,
318 355 356 397 5.
381 345 535 394 μετρίας
555 345 682 399 τινας]
709 345 832 395 Yulg.
855 345 1022 394 μετρίας.
1071 342 1251 382 Addunt
1274 343 1379 383 τινὰς
1402 339 1627 380 Bavaricus

114 403 157 439 et
192 400 300 439 1111110
336 400 469 439 locum
502 400 681 440 citantes
715 400 922 439 Aristides
942 403 988 438 T.
1024 414 1062 452 p.
1087 400 1179 451 238.
1212 402 1254 436 et
1279 409 1370 448 240.
1402 400 1445 436 et
1477 396 1626 436 Suidas

114 470 149 495 v.
175 459 361 495 Φαῦλονε
396 470 491 495 nam
513 459 619 498 τινὰς
642 456 696 495 ibi
719 456 935 509 legendum
961 461 1025 494 est
1046 470 1121 508 pro
1143 453 1291 494 vitioso
1312 455 1423 503 τιμὰς
1445 452 1625 506 vulgato.

115 510 286 550 Addidi.
321 511 516 550 RElsK.

176 569 295 615 1261,
320 569 358 607 6.
392 570 444 609 εἰς
464 572 542 607 πᾶν
562 567 706 620 ἐλθὼν]
733 570 785 609 εἰς
805 570 882 606 πᾶν
906 567 1022 606 κακὸν
1046 567 1172 605 ἐλθὼν
1192 579 1336 618 margo
1364 564 1622 604 Lutetianae.

116 624 344 663 ἐπανελθὼν
366 623 589 664 Aristides.
655 624 770 663 Idem
799 627 939 662 tamen
970 623 1092 676 paulo
1120 626 1215 674 post
1241 635 1377 660 veram
1408 620 1626 660 lectionem

115 679 340 731 vulgatam,
372 680 523 718 omisso
555 679 685 728 κακὸν,
715 679 895 718 exhibet.
934 679 1052 718 κακὸν
1083 678 1182 717 illud
1213 691 1294 717 non
1323 677 1430 716 male
1461 676 1626 728 quidem

114 735 296 783 additur,
320 735 393 774 sed
420 740 561 788 potest
589 735 716 775 etiam
745 735 832 774 sine
860 749 908 774 eo
930 734 1095 785 integra
1120 748 1209 773 esso
1237 732 1385 772 oratio.
1449 732 1570 780 Vide,
1594 732 1626 771 si

114 791 262 844 placet,
290 805 394 844 quae
425 791 478 831 ad
501 791 678 831 Dionem
701 791 890 831 Cassium
918 790 1155 844 scripsimus
1186 804 1224 842 p.
1249 801 1314 843 90,
1337 802 1405 842 32.
1467 788 1627 838 Quibus

114 846 211 887 addi
242 851 417 899 possunt
446 847 488 886 hi
518 847 596 887 loci
628 847 855 886 Aristidis:
890 847 967 886 vol.
994 860 1024 885 1.
1054 861 1093 899 p.
1120 849 1213 896 246,
1234 860 1274 896 4.
1306 844 1384 883 vol.
1410 856 1446 884 2.
1473 859 1511 897 p.
1536 855 1625 897 155,

118 915 198 951 12.,
221 903 290 942 ubi
318 903 371 942 ad
400 907 475 942 τῶν
503 903 752 943 subauditur
780 904 910 954 φόβου
943 903 1004 942 καὶ
1033 904 1232 943 ἀπονοίας.
1275 901 1376 940 110111
1406 915 1445 953 p.
1471 911 1566 953 297,
1590 914 1627 953 9.

114 958 215 998 item
237 973 276 1011 p.
303 960 369 1009 64,
394 959 444 1007 8.,
467 959 537 999 ubi
560 959 809 999 subauditur
829 960 946 1011 ἄχαρι
967 963 1042 998 aut
1062 959 1282 1008 βλαβερόν.
1334 956 1398 996 Ut
1419 961 1559 996 autem
1581 958 1629 994 τὰ

118 1017 321 1065 κακόφημα
342 1015 610 1065 omittuntur,
631 1015 692 1056 ita
718 1029 861 1055 rursus
883 1029 1046 1068 quoque
1067 1016 1114 1054 τὰ
1136 1015 1300 1065 εὔφημα.
1366 1012 1432 1052 Sic
1454 1012 1507 1052 ab
1530 1011 1628 1051 Ari-

116 1069 225 1110 stide
255 1070 331 1110 vol.
358 1083 394 1112 2.
426 1086 463 1124 p.
493 1074 582 1124 196.
616 1072 687 1112 ult.
722 1072 918 1111 omissum
952 1075 1017 1111 est
1049 1070 1199 1122 ἀγαθὸν
1232 1069 1293 1108 vel
1326 1070 1484 1119 ὄφελος.
1547 1067 1629 1107 Sed

116 1126 218 1166 haee
248 1140 331 1165 non
362 1132 458 1167 sunt
494 1128 618 1179 hujus
648 1127 740 1167 loci.
775 1127 969 1167 REISK.
1034 1126 1088 1165 V.
1113 1125 1415 1166 Valckenarius
1451 1124 1502 1165 ad
1541 1125 1630 1163 He-

116 1181 251 1221 rodot.
277 1193 315 1235 7,
337 1183 427 1222 118.
463 1184 723 1223 SCHAEF.

178 1239 297 1286 1261,
323 1250 360 1289 7.
403 1239 524 1290 πολὺ]
565 1241 701 1292 πολλῷ
740 1256 781 1278 τε
824 1238 1046 1278 Aristides.
1088 1237 1281 1277 REISK.
1342 1236 1479 1289 πολλῷ
1520 1235 1630 1275 idem

115 1293 251 1334 10011111
276 1298 483 1346 repetens.
520 1296 631 1334 SCH
644 1296 778 1334 AEF.

175 1350 298 1403 δίκην]
328 1349 372 1389 δι’
394 1350 438 1399 ἧς
469 1350 694 1390 Aristides.
728 1351 932 1390 REISK.
995 1350 1153 1389 Verum
1184 1349 1311 1389 habet
1347 1348 1483 1387 locum
1513 1361 1630 1400 repe-

118 1409 225 1445 tens.
259 1406 516 1446 SCHAEF.

174 1463 431 1513 πολλαχόθεν
462 1462 617 1514 νομίζω]
662 1461 783 1515 Vulg.
823 1463 972 1512 νομίζω.
1022 1461 1276 1512 πολλαχόθεν
1309 1461 1445 1509 νομίζω
1477 1459 1631 1499 Aristi-

119 1516 203 1563 des,
232 1517 303 1556 sed
329 1517 438 1557 idem
464 1519 720 1570 πολλαχόθεν
750 1517 948 1558 omittens
977 1517 1018 1557 in
1046 1517 1295 1571 repetitione
1326 1515 1511 1569 ejusdem
1536 1515 1628 1555 loci.

119 1573 322 1613 REISK.

181 1630 300 1676 1261,
327 1643 340 1668 1
354 1642 390 1682 7.
416 1629 1015 1682 ἰθυφάλλους-αὐτοληκύθους]
1043 1629 1285 1681 ἰθυφάλλους
1306 1627 1363 1666 1111
1384 1640 1472 1666 sese
1492 1626 1632 1679 appel-

118 1684 300 1725 litabant
338 1685 388 1725 de
423 1685 681 1738 impudentia
720 1690 761 1725 et
802 1685 976 1726 audacia
1016 1690 1213 1733 aetatem,
1251 1698 1409 1731 sexum,
1445 1683 1632 1723 ordinem

118 1740 323 1781 violante:
355 1743 637 1792 αὐτοληκύθους
657 1746 799 1782 autem
821 1742 871 1781 de
893 1741 1159 1795 simplicitate
1182 1740 1290 1780 vitae
1312 1744 1354 1780 et
1374 1738 1631 1793 frugalitate,

122 1811 228 1850 quae
258 1797 525 1851 pedissequos
555 1798 687 1837 nullos
719 1798 976 1837 desideraret
1005 1797 1200 1837 oleariam
1230 1800 1445 1850 gestantes
1474 1794 1633 1847 ampul-

120 1852 202 1893 lam
229 1868 362 1906 neque
390 1854 650 1907 splendorem
678 1854 719 1893 in
744 1854 855 1893 victu
883 1858 926 1893 et
955 1853 1068 1893 cultu
1096 1852 1325 1898 affectaret.
1355 1851 1426 1890 sed
1454 1850 1633 1904 ipsamet

121 1908 199 1948 sibi
222 1909 395 1949 serviret
416 1910 731 1962 necessariaque
758 1909 1084 1957 administraret,
1107 1907 1338 1961 cujusmodi
1361 1912 1425 1946 est
1450 1905 1633 1960 gestatio

120 1964 327 2017 ampullae
348 1965 526 2005 oleariae
545 1966 600 2005 ad
620 1966 814 2005 balneum
841 1970 915 2005 aut
937 1965 978 2004 in
999 1965 1161 2013 itinere,
1184 1978 1255 2004 seu
1278 1963 1374 2016 quia
1402 1976 1520 2002 servo
1542 1961 1635 2015 quis

123 2025 251 2070 earet,
275 2035 345 2060 seu
368 2021 467 2074 quia
494 2021 705 2062 molestias
733 2026 775 2061 et
796 2021 965 2062 fastidia
992 2021 1101 2061 vitae
1129 2019 1393 2074 pompaticae
1420 2018 1634 2059 abhorret.

123 2076 239 2117 Citat
270 2077 311 2116 h.
338 2077 363 2116 1.
387 2077 700 2130 Harpocration
730 2092 766 2117 v.
789 2077 1023 2129 Ἰθύφαλλοι
1053 2081 1095 2116 et
1126 2075 1403 2126 Αὐτολήκυθοι.
1437 2074 1632 2114 REISK.

124 2131 179 2172 V.
202 2131 440 2187 Hesychius
462 2133 537 2173 vol.
557 2147 591 2173 1.
613 2149 652 2188 p.
671 2135 766 2174 626.
793 2147 913 2187 1103.
944 2133 1021 2174 vol.
1042 2145 1078 2173 2.
1101 2148 1139 2186 p.
1160 2145 1229 2186 34.
1253 2136 1296 2172 et
1317 2131 1477 2171 Aneed.
1501 2130 1635 2170 Bekk.

123 2202 164 2241 p.
190 2201 283 2240 204,
308 2200 373 2242 27.
404 2190 500 2243 465,
524 2200 586 2242 17.
620 2190 878 2229 SCHAEF.

186 2246 306 2293 1261,
330 2257 395 2287 22.
431 2246 526 2295 ἡμᾶς
561 2246 674 2300 ὃὲ-]
713 2246 878 2294 Sensus,
914 2247 1043 2286 Conon
1077 2245 1196 2286 etiam
1225 2258 1293 2284 nos
1322 2242 1419 2284 tales
1448 2256 1521 2282 esse
1550 2255 1637 2282 con—

124 2299 265 2348 tendet,
297 2300 367 2339 sed
394 2301 515 2341 simul
547 2315 614 2351 eos,
647 2316 814 2354 quorum
849 2303 1106 2353 ἀγνωμοσύνη
1138 2307 1174 2341 et
1208 2301 1339 2351 πικρία
1371 2299 1530 2339 ludicra
1556 2312 1637 2352 pro

124 2355 238 2395 seriis
267 2355 405 2396 habeat
434 2370 605 2410 quaeque
631 2364 804 2411 oporteat
831 2357 991 2412 ozeqlz'ftz‘,
1019 2371 1105 2398 cnm
1124 2356 1329 2410 jocularia
1359 2356 1450 2404 sint,
1478 2361 1522 2394 ‘ut
1551 2368 1637 2394 eon-

126 2410 366 2450 tumelz'osum
385 2412 556 2464 facinus
579 2413 805 2454 ulciscatur.
847 2414 963 2455 Conf.
988 2429 1027 2467 p.
1049 2415 1169 2462 1262,
1193 2426 1244 2465 3.,
1266 2411 1338 2452 ubi
1365 2412 1388 2462 ἡ
1414 2414 1482 2450 τοῦ
1504 2412 1638 2450 Κόνω-

128 2482 193 2506 νος
214 2468 493 2510 κατασκεύασις
514 2467 556 2507 in
584 2473 842 2509 antecessum
863 2469 1075 2510 refellitur.
1109 2468 1360 2510 SCHAEF.

129 2523 398 2617 soifigifilff.
443 2525 476 2562 εἰ
516 2525 599 2564 οἶόν
638 2524 668 2564 τ’
706 2527 842 2577 εἰπεῖν]
887 2526 934 2566 Si
973 2525 1077 2566 talia
1117 2525 1164 2565 cle
1202 2523 1306 2564 vobis
1345 2522 1428 2562 clici
1458 2526 1636 2575 possunt.

190 2633 309 2680 1261,
334 2634 397 2672 28.
429 2634 554 2687 ἐστὶν]
584 2634 677 2674 Νο11
708 2636 872 2675 damno.
934 2636 1081 2676 Videri
1111 2642 1252 2676 tamen
1280 2633 1414 2688 possit
1442 2631 1638 2686 praemis—

130 2701 220 2727 sum
250 2689 349 2737 δόξει
375 2689 514 2741 potius
543 2690 653 2730 ἔσται
683 2691 906 2744 postulare.
939 2692 1131 2732 REISK.
1197 2690 1291 2729 Non
1319 2688 1518 2743 postulat.
1556 2687 1639 2726 Fu-

129 2748 227 2784 turo
247 2742 303 2783 illi
331 2745 583 2797 respondent
605 2761 711 2800 quae
736 2752 834 2800 post
861 2753 1092 2802 sequuntur
1115 2747 1267 2795 futura,
1291 2744 1570 2796 νομισθήσεται
1596 2746 1640 2783 et

132 2799 254 2839 ἔσται.
288 2799 536 2840 SCHAEF.

190 2855 324 2908 αὐτὸν]
354 2855 539 2896 Subaudi
562 2857 671 2896 εἶναι.
707 2857 955 2899 SOHAEF.

187 2911 307 2960 1262,
326 2924 388 2964 13.
411 2910 498 2963 παρ’
512 2912 616 2965 ὑμῖν]
634 2912 840 2955 Cohaeret
861 2929 954 2954 cum
975 2914 1081 2963 δίκην
1103 2913 1146 2953 οὐ
1168 2913 1283 2952 δώσει
1304 2926 1339 2951 v.
1360 2911 1421 2951 16.
1444 2909 1639 2951 REISK.
