1925 3215
597 115 654 150 IN
687 115 1114 151 DEMOSTHENEM.

154 221 363 260 quapropter
421 214 650 248 Athenienses
709 215 830 248 ambos

155 261 290 294 civitate
308 260 482 294 donarunt
502 260 581 304 659,
603 271 656 304 27.
676 261 755 305 674,
777 273 829 294 21.

157 307 186 340 Ε
204 319 237 350 1).
257 306 336 345 662,
356 317 406 339 10.
432 306 513 339 satis
535 305 663 350 liquide
685 314 832 343 constat,

155 353 305 385 Aenium
329 352 422 384 hunc
447 358 548 396 atque
572 351 668 384 illum
696 352 722 384 13
740 365 829 385 'zan-

152 398 240 431 tium
263 397 412 431 eundem
431 409 515 430 esse.
570 397 700 431 Patriae
719 365 829 431 diver-

153 443 247 482 sitas,
282 454 368 488 quae
411 443 547 476 videtur
582 455 667 482 esse,
704 445 829 477 morari

153 489 326 522 neminem
374 488 486 521 debet.
540 488 659 522 Solent
707 489 828 523 Graeci

153 534 294 568 eosdem
319 534 466 577 geminis
492 534 694 568 nominibus
718 535 828 568 ethni-

153 581 201 613 cis
226 581 407 624 appellare,
434 581 548 613 alteris
574 581 742 621 locorum,
770 582 828 614 ubi

154 627 187 659 in
221 627 334 659 lucem
369 626 496 670 quique
537 626 744 669 prodissent,
780 628 827 660 al-

153 672 245 711 teris,
277 672 335 705 ubi
366 672 550 715 plurimam
580 673 667 705 vitae
697 679 826 716 partein

153 718 376 762 peregissent.
417 717 456 750 In
483 724 640 757 aetatem,
668 730 736 763 qua
764 719 827 770 Py-

152 763 214 796 tho
254 763 309 796 hic
346 763 502 796 Athenas
544 764 647 803 venit,
690 765 828 809 inquirit

154 808 324 842 Corsinus
344 808 380 842 F
396 810 438 842 A.
458 810 525 842 vol.
546 820 573 842 1.
593 822 625 853 p.
645 821 724 853 355.

107 855 303 899 Pythocles‚
321 855 483 887 inimicus
503 855 733 889 Demostheni
748 867 826 900 320,

154 901 215 934 ult.
242 901 399 934 incessus
424 901 498 944 ejus
525 901 723 944 superbiam
749 914 828 945 prae

154 958 190 979 se
207 946 286 979 tulit
303 957 381 988 442,
400 956 452 990 15.

106 991 303 1036 PythocleS,
338 992 428 1025 filius
464 991 664 1044 Pythodori,
707 994 827 1036 procul

153 1037 260 1071 dubio
277 1037 369 1071 idem
393 1049 473 1071 cum
498 1039 677 1081 superiori,
699 1039 827 1072 Demo-

152 1083 273 1117 sthene
305 1084 535 1117 familiariter
549 1084 694 1117 antehac
729 1096 825 1130 usus,

152 1129 264 1173 coepit
287 1129 330 1162 ab
355 1141 395 1162 eo
421 1129 616 1169 abhorrere,
642 1136 826 1174 postquam

152 1187 172 1208 a
190 1175 349 1219 Philippo
368 1181 552 1219 corruptus
570 1156 635 1208 fuit
652 1187 692 1217 41
704 1187 802 1215 1,10.

108 1220 341 1265 Pythodorus,
364 1221 480 1255 nescio
506 1221 576 1265 qui,
601 1222 700 1265 cujus
726 1222 826 1256 aedes

152 1272 390 1300 memorantur
412 1267 510 1308 1258,
527 1277 580 1309 25.

108 1311 157 1356 Py
159 1311 329 1346 thodorus
379 1314 413 1345 ἐκ
455 1313 584 1355 Κηδῶν,
625 1313 751 1346 arbiter
792 1314 826 1347 in

151 1369 275 1391 caussa
306 1357 521 1402 Theophemi
561 1365 594 1392 et
627 1359 750 1392 actoris
792 1360 826 1392 in

151 1403 208 1436 illa
225 1403 390 1441 oratione,
409 1415 496 1448 quae
519 1410 570 1437 est
594 1404 626 1437 in
648 1404 826 1449 Euergum

155 1460 254 1490 1140,
278 1459 328 1493 17.

106 1494 328 1539 Pythodorus
349 1495 583 1528 Acharnensis
607 1506 704 1537 1215,
724 1507 773 1539 13.

107 1540 325 1585 Pythodotus
344 1541 486 1574 Archon
508 1550 606 1585 1174,
625 1552 676 1585 13.

106 1586 404 1631 Rhadamanthys,
423 1586 524 1621 heros
549 1587 735 1631 mythicus‚
750 1588 825 1631 jus-

151 1632 243 1665 titiae
269 1632 386 1666 studio
411 1633 525 1666 clarus
550 1632 627 1677 269,
648 1634 700 1666 18.
726 1644 824 1674 1410,

157 1679 207 1711 18.

107 1723 300 1764 Rhamnus,
326 1735 437 1768 pagus
463 1724 614 1763 Atticus,
644 1725 734 1758 ultra
761 1736 826 1759 120

151 1768 260 1803 stadia
279 1769 321 1803 ab
339 1769 426 1803 urbe
444 1769 591 1813 23818.

107 1814 252 1849 Rhodiis
298 1826 503 1848 concessum
545 1815 604 1859 jus
648 1816 827 1867 vectigalia

151 1868 243 1895 certa
268 1872 288 1894 a
313 1861 461 1894 navibus
491 1860 651 1905 exigendi
680 1862 715 1894 in
746 1873 827 1905 pace

151 1906 419 1940 Atheniensium
444 1918 526 1939 cum
554 1907 712 1950 Philippo
738 1907 827 1940 facta

151 1952 208 1996 63,
238 1953 290 1985 18.
326 1952 545 1986 Rhodiorum
573 1952 779 1994 gubernatio
808 1964 827 1986 a

151 1997 249 2041 plebe
266 1997 309 2031 ad
327 1998 509 2042 optimates
526 1998 661 2031 transiit
682 1998 757 2036 168,
774 1999 825 2031 18.

151 2043 282 2077 bellurn
301 2044 425 2077 sociale
445 2042 578 2077 dictum
598 2055 679 2077 cum
697 2044 825 2077 Athen.

151 2089 316 2133 gerebant
338 2099 483 2132 191,12.

107 2134 266 2174 Rhodus,
301 2134 370 2168 Cos
404 2141 436 2167 et
471 2134 581 2167 Chius
615 2146 675 2186 per
708 2146 827 2178 pacem

153 2180 302 2224 Philippi
316 2191 396 2213 curn
407 2179 534 2213 Athen.
545 2181 731 2224 permissae
744 2187 825 2214 sunt

153 2225 272 2259 Cariae
295 2225 448 2266 domino,
467 2226 526 2270 (1111
548 2231 625 2259 tum
647 2226 713 2260 fuit
739 2226 826 2260 Idri-

151 2283 212 2305 eus
245 2271 383 2316 63,18.
419 2283 438 2304 a
472 2271 634 2305 Mausolo
667 2273 731 2306 fuit
764 2284 826 2316 op-

152 2328 271 2361 pressa
292 2318 368 2361 198,
388 2328 442 2351 20.

107 2362 264 2402 Salamis,
306 2363 430 2396 insula.
482 2362 668 2396 Salaminia
708 2375 826 2408 pugna

152 2408 240 2442 duce
253 2408 485 2442 Themistocle
504 2420 584 2441 cum
600 2408 713 2442 Persis
731 2421 827 2442 com·

152 2454 258 2487 missa
290 2462 365 2498 172,
393 2464 447 2487 22.
484 2454 653 2487 celebrata
685 2455 741 2488 illa
768 2455 826 2499 J'u-

152 2498 252 2532 randi
269 2499 429 2538 formula,
448 2513 487 2532 ου
506 2500 551 2541 μὰ
571 2500 647 2534 τοὺς
667 2499 701 2533 ἐν
718 2502 825 2533 Σαλα-

151 2547 219 2588 μῖνι
237 2544 516 2588 ναυμαχήσαντας
533 2553 682 2588 297,13.
719 2545 827 2579 Solon

152 2601 227 2623 earn
246 2590 513 2634 Megarensibus
531 2596 682 2634 ereptam
699 2592 827 2634 patriae

151 2634 301 2669 reddidit
321 2635 420 2677 1416,
441 2644 471 2679 7.
498 2635 669 2679 expeditio
691 2636 735 2669 ad
752 2648 827 2670 eam

152 2687 185 2715 et
210 2692 330 2725 pugna
353 2680 398 2714 ad
422 2681 569 2715 fluvium
595 2680 683 2715 duce
704 2681 826 2716 Chari-

152 2726 254 2760 demo
270 2727 456 2760 commissa
474 2726 551 2770 265,
573 2737 624 2771 19.

107 2772 252 2806 Samum
281 2784 301 2805 a
328 2771 510 2816 tyrannide
544 2771 595 2816 Cy
599 2772 825 2816 prothemidis

151 2818 271 2851 liberat
287 2817 490 2851 Timotheus
509 2828 583 2861 193,
597 2829 627 2861 3.
655 2819 800 2862 expedit
794 2831 826 2852 10

153 2863 195 2897 ad
230 2863 385 2902 Samum,
420 2864 475 2897 cui
506 2864 651 2897 Ρο110108
681 2865 825 2908 praefuit

154 2909 233 2953 561
254 2920 307 2951 24

1510 119 1608 155 14⁰5

885 216 1028 253 Sannio,

930 273 1009 305 533»
1029 275 1061 305 9·
1159 309 1163 313 ,

885 308 1040 351 Satyrus,
1057 309 1229 341 navalium
1250 310 1441 352 praefectus
1457 311 1536 349 612,
1552 321 1605 343 21.

885 354 1041 396 Satyrus,
1074 354 1309 397 Alopecensis,
1350 355 1606 389 Lacedaemonii

930 399 1032 431 frater
1055 400 1151 441 1360
1171 402 1203 432 8

1084 216 1247 259 magister
1301 217 1415 251 choris
1470 220 1607 263 tragici>-

884 445 1040 488 Satyrus,
1062 445 1253 478 Melitensis
1278 448 1375 489 1364,
1395 459 1472 490 pen.

884 490 1040 533 Satyrus,
1060 491 1222 533 trapezita
1240 502 1390 535 953,14.

884 536 1040 579 Satyrus,
1060 536 1180 569 histrio
1203 538 1368 576 comicus,
1388 539 1487 581 cujus
1510 550 1605 582 prr-ie

929 583 1059 615 clarum
1078 582 1212 615 facinus
1230 564 1391 616 laudatur
1409 595 1488 624 401,
1510 584 1558 617 16.

883 628 1033 666 Samias,
1071 627 1306 671 Lamptrensis
1346 630 1442 673 1360,
1479 641 1529 663 10.
1573 637 1603 663 01

929 685 1007 716 pen.

883 718 1031 762 Scepsis,
1059 719 1228 762 oppidum
1258 719 1427 764 Phrygiae
1456 728 1515 754 'int
1547 721 1602 754 131-

927 765 987 808 thy
992 765 1036 797 ni
1029 777 1065 797 10
1084 765 1176 798 haud
1196 766 1315 808 procul
1338 766 1399 799 llio
1417 767 1495 810 671,
1514 768 1547 800 8.

882 809 1055 849 Sciathus,
1078 811 1191 844 insula
1217 823 1321 855 prope
1344 812 1519 846 Euboeam
1548 826 1603 857 49,

889 900 904 911 0
927 869 959 896 4·
980 868 1033 899 99
1055 867 1086 889 ²·

882 901 1005 935 Scione
1024 902 1103 945 926,
1124 914 1151 935 1.

882 947 1080 980 Scironides
1104 958 1200 991 1327,
1220 960 1252 991 9.

883 992 1012 1031 Sciton,
1032 993 1124 1038 quod
1147 994 1323 1037 παράνομα
1347 995 1522 1033 suasisset,
1545 995 1602 1028 ‹lc-

927 1050 1001 1072 cem
1019 1039 1155 1072 talentis
1173 1046 1224 1072 est
1243 1040 1410 1073 multatus
1430 1051 1508 1084 573,
1529 1044 1579 1074 18.

881 1084 1026 1128 Scyrus,
1046 1085 1158 1118 insula
1180 1085 1277 1129 1236,
1298 1096 1340 1129 23

881 1130 1027 1174 Scythes
1064 1130 1253 1170 Harmatei,
1285 1131 1603 1176 Cydathenaeensis

931 1187 942 1209 1
955 1187 1029 1217 104,
1050 1187 1080 1210 2.

881 1222 1084 1266 Selybriam,
1119 1222 1386 1256 Atheniensium
1426 1223 1602 1268 quondam

927 1268 1066 1307 sociam,
1100 1268 1257 1312 Byzantii
1287 1268 1351 1301 sibi
1382 1269 1603 1303 vindicabant

931 1314 1004 1357 198,
1026 1325 1075 1355 14.
1102 1313 1282 1347 obsidetur
1299 1326 1318 1347 a
1338 1314 1498 1358 Philippo
1518 1327 1603 1348 aux-

926 1360 981 1392 ilia
1007 1359 1271 1392 Atheniensium
1301 1359 1344 1393 ad
1370 1360 1492 1393 urbem
1519 1361 1602 1394 libe-

926 1405 1068 1437 randam
1088 1405 1193 1438 missa
1209 1406 1445 1449 intercipiente
1460 1416 1537 1449 251,
1551 1407 1602 1439 16.

880 1450 1071 1489 Serrhium,
1106 1458 1260 1484 castrum
1298 1452 1333 1484 in
1366 1451 1514 1484 Thracia
1546 1456 1601 1495 85,

927 1508 1004 1539 1011
1042 1503 1182 1540 captum
1216 1508 1235 1529 a
1270 1497 1440 1540 Philippo,
1474 1498 1602 1531 interea

926 1542 1011 1575 (111111
1038 1542 1079 1575 (10
1106 1554 1186 1586 pace
1212 1554 1292 1575 cum
1319 1543 1447 1576 Athen
1467 1543 1601 1587 agebat,

926 1594 985 1620 aut
1019 1599 1101 1631 pace
1136 1588 1209 1631 jam
1247 1587 1416 1627 condicta,
1452 1588 1602 1622 deducto

926 1633 1096 1684 praesidio
1122 1634 1168 1667 ibi
1194 1634 1236 1667 ab
1262 1634 1468 1678 imperatore
1495 1635 1602 1668 Athe-

926 1691 1100 1713 1110118111111
1141 1680 1308 1713 collocato
1338 1691 1413 1721 114,
1437 1680 1488 1713 16.
1528 1691 1602 1724 133,

932 1735 984 1768 15.

881 1770 1014 1809 Sestus,
1051 1770 1220 1814 oppidum
1255 1770 1488 1804 Cherrhonesi
1524 1771 1602 1814 256,

927 1827 981 1849 22.
1013 1828 1032 1849 a
1058 1816 1167 1860 Cotye
1193 1823 1225 1850 et
1252 1816 1430 1860 Abydenis
1457 1816 1602 1861 quibus-

927 1861 1006 1894 dam
1027 1868 1194 1905 occupata
1212 1862 1290 1906 672,
1307 1861 1361 1895 26.
1385 1872 1483 1901 1212,
1500 1872 1554 1903 25.

882 1906 1008 1940 Sicilia.
1034 1908 1184 1951 ingentis
1211 1907 1317 1940 cladis
1342 1907 1388 1941 ibi
1410 1908 1601 1941 Athenien-

927 1953 1024 1985 sibus
1042 1953 1190 1986 inflictae
1203 1954 1333 1987 mentio
1352 1953 1389 1987 fit
1407 1966 1439 1997 p.
1454 1953 1532 1997 469,
1547 1964 1601 1997 23.

931 2009 1030 2042 1310,
1054 2010 1105 2042 13.

881 2044 1019 2088 Sicyoni
1041 2044 1237 2078 Alexander
1255 2045 1307 2078 M.
1326 2052 1515 2089 tyrannum
1537 2045 1601 2077 im-

927 2090 1024 2133 ponit
1052 2090 1288 2133 paedotribam
1322 2103 1382 2124 seu
1416 2091 1603 2134 palaestrae

927 2136 1134 2179 magistrum
1157 2137 1307 2181 aliquem
1330 2136 1407 2175 216,
1428 2147 1478 2169 12.
1507 2142 1603 2169 estne

926 2182 1119 2215 Aristratus
1139 2192 1216 2223 242,
1238 2193 1268 2215 2.
1286 2185 1296 2214 ?
1324 2183 1362 2215 τὸ
1383 2182 1418 2215 ἐκ
1442 2185 1603 2216 Σικυῶνος

925 2228 1045 2260 λευκὸν
1063 2229 1189 2272 ζεῦγος,
1208 2240 1269 2272 par
1290 2229 1463 2261 mularum
1485 2227 1602 2260 candi-

927 2272 1051 2306 darum
1069 2274 1148 2316 565,
1170 2285 1224 2318 27.

881 2317 1024 2362 Sigeum
1058 2318 1189 2353 Chares
1225 2320 1363 2370 injussu
1396 2319 1603 2362 reipublicae

925 2365 1107 2408 occupavit
1133 2371 1165 2398 et
1191 2365 1271 2398 inde
1300 2365 1477 2409 piraticam
1507 2376 1602 2397 exer-

926 2410 997 2443 cuit
1017 2409 1070 2449 26,
1091 2419 1141 2452 15.

881 2454 1014 2494 Simon,
1044 2455 1174 2495 Thrax,
1209 2455 1312 2489 frater
1344 2456 1462 2489 uxoris
1497 2456 1602 2488 Ama-

926 2500 1003 2534 doci
1028 2501 1107 2542 624,
1126 2501 1158 2534 6.
1185 2501 1320 2534 civitate
1349 2501 1463 2534 Attica
1493 2501 1601 2534 dona-

926 2553 983 2580 tus
1001 2546 1084 2580 ibid.
1104 2556 1156 2588 15.

881 2591 1011 2631 Simus,
1042 2592 1291 2636 Anagyrasius,
1319 2591 1387 2625 suit
1415 2591 1451 2624 in
1480 2591 1601 2635 legatis

925 2637 968 2670 ad
983 2637 1183 2681 Philippum
1200 2637 1316 2670 missis
1333 2636 1427 2681 apud
1446 2637 1601 2670 Elateain

926 2688 1087 2726 agentem
1104 2682 1147 2716 ad
1170 2683 1429 2726 impetrandum
1448 2682 1600 2715 indutias

930 2729 1007 2767 282,
1028 2738 1081 2760 22.

884 2773 1000 2806 Simus
1030 2779 1062 2805 et
1089 2772 1237 2812 Eudius,
1265 2773 1426 2812 Larisaei,
1451 2773 1601 2806 Thessa-

926 2820 1007 2852 liam
1028 2819 1173 2862 patriam
1194 2818 1353 2863 Philippo
1374 2818 1601 2863 prodiderunt

929 2875 1005 2905 241,
1029 2873 1082 2908 27.
1109 2864 1261 2898 ductavit
1288 2876 1407 2898 secum
1433 2865 1602 2898 Neaeram

928 2921 990 2954 pro
1008 2910 1116 2943 amica
1138 2921 1235 2953 1352,
1257 2921 1310 2955 23.
1334 2911 1431 2955 1382,
1451 2911 1483 2945 6.

975 2971 998 2993 G
1018 2969 1045 3009 g
1071 2968 1088 2995 2
