1925 3215
610 104 665 139 IN
702 103 1136 139 DEMOSTHENEM.

166 204 403 237 celeberrimae
442 204 615 246 religionis
652 214 746 247 1370,
788 213 840 247 27.

167 251 270 283 semel
297 256 432 283 tantum
454 251 641 294 quotannis
667 249 840 293 aperieba-

166 303 338 340 11111371,
358 297 389 329 6.

121 341 361 379 Litliotoniiac,
405 343 539 375 metalla
587 353 699 378 saxea.
746 342 841 374 locus

165 388 311 421 Athenis
344 389 432 421 inter
455 388 577 421 urbem
604 394 636 420 et
664 387 839 420 Piraeeum

170 445 267 475 1252,
285 437 317 466 Η.

119 480 230 513 Locri.
270 482 385 525 legum
415 480 638 514 Locrensium
667 478 839 523 praedica-

164 532 210 558 tio
232 536 295 570 743
315 539 392 570 pen.

119 571 224 610 Lous,
252 573 379 605 mensis
408 572 666 609 Macedonicus,
698 583 839 615 respon-

164 618 249 651 dens
269 619 383 651 Attico
406 618 649 651 Boedromioni
670 620 747 656 280,
765 629 814 659 14.

118 664 276 707 Lycidas,
296 665 435 697 molitor
452 663 666 708 pistrinarius
690 674 786 706 1251,
806 675 838 705 4.

118 709 276 754 Lycidas,
305 710 473 743 Chabriae
499 709 675 754 quondam
706 721 838 748 servus,

163 755 251 789 ‹lolis
293 756 534 800 impetraverat
576 762 614 788 ut
664 767 839 799 proxenus

163 802 427 835 Atheniensium
447 801 554 846 (apud
578 801 782 840 Messenios,
801 807 839 834 ut

163 847 313 890 videtur)
326 848 595 881 constitueretur
609 858 686 891 497,
699 857 728 891 7.
741 853 773 880 et
787 857 837 891 15.

117 893 268 938 Lycinus
289 894 511 934 Pallenensis,
530 893 673 926 Archon
692 904 789 937 1223,
807 905 836 926 2.

117 939 295 984 Lyciscos,
318 940 472 979 Archon,
491 951 560 984 quo
586 939 754 972 honorem
779 951 837 983 ge-

162 992 257 1019 rente
290 986 425 1030 probati
459 991 541 1019 sunt
570 985 839 1018 rhesmothetae

161 1044 294 1072 010005,
321 1038 501 1076 propterea
518 1031 612 1076 quod
634 1031 838 1065 'lheocrinis

162 1077 296 1112 frater
290 1090 325 1112 1n
351 1090 472 1111 eorum
495 1084 584 1111 esset
605 1078 761 1121 collegio,
781 1078 839 1122 qui

162 1124 314 1157 consiliis
331 1124 446 1157 fratris
464 1130 639 1176 regeretur
658 1134 755 1167 1330,
772 1135 826 1164 24.

118 1169 223 1214 Lyco,
246 1170 461 1210 Heracleota,
485 1170 527 1203 de
554 1170 654 1214 cujus
685 1169 839 1203 haeredi-

162 1222 230 1249 tate
249 1216 483 1249 controversia
497 1222 577 1249 nata
591 1222 642 1249 est
660 1215 748 1248 inter
760 1216 838 1249 Cal-

161 1262 296 1306 lippum
331 1269 363 1296 et
396 1262 649 1306 Apollodorum
685 1261 838 1295 l'asionis

168 1309 264 1352 1236,
283 1320 294 1341 1
306 1320 318 1342 1
337 1320 387 1353 sq.

117 1354 265 1398 Lyconis
295 1355 506 1388 mentionem
538 1354 608 1387 fieri
638 1354 672 1387 in
700 1365 748 1387 or.
776 1366 839 1398 pro

164 1400 313 1439 Corona,
329 1400 485 1444 perhibet
505 1400 703 1433 Athenaeus
722 1412 754 1443 p.
771 1400 838 1441 486

165 1446 208 1479 D.
227 1446 428 1491 [memoriae
446 1458 570 1485 errore,
591 1452 628 1479 ut
646 1445 811 1490 videtur]

118 1492 311 1537 Lycurgus,
342 1501 468 1532 orator,
500 1504 567 1525 una
597 1504 677 1525 cum
709 1492 837 1525 Demo-

163 1538 284 1572 sthene
310 1539 516 1581 legationem
537 1538 580 1571 ad
601 1538 756 1572 civitates
776 1538 838 1570 Pe-

161 1582 353 1628 loponnesi
381 1584 466 1618 obiit
506 1583 672 1617 adversus
710 1583 837 1628 Philip-

161 1642 246 1674 pum
261 1630 530 1664 commovendas
549 1641 600 1663 12(
616 1656 623 1669 ,
638 1641 688 1674 19.
717 1629 838 1663 habuit

161 1677 289 1720 primas
323 1683 436 1721 partes
468 1676 503 1710 in
534 1677 667 1709 actione
694 1676 728 1709 in
759 1676 837 1708 Ari-

161 1723 372 1767 stogitonem
395 1732 471 1774 770,
493 1734 521 1755 2.
549 1732 626 1766 773,
647 1722 700 1755 26.
751 1722 839 1755 Tota

161 1769 305 1812 epistola
334 1769 433 1802 tertia
458 1781 490 1812 p
511 1779 597 1812 1474
624 1780 675 1812 sq.
720 1767 838 1801 laudat

162 1814 363 1859 Lycurgum
378 1821 411 1848 et
427 1815 581 1858 increpat
596 1814 836 1852 Athenienses,

161 1861 221 1905 qui
250 1861 336 1894 filios
359 1860 421 1894 viri
447 1861 545 1894 fortis
572 1860 770 1904 optimeque
796 1859 838 1892 de

160 1918 231 1950 rep.
246 1907 358 1940 meriti
376 1907 502 1940 carceri
519 1905 755 1945 mandassent,
772 1917 836 1938 un-

162 1952 203 1986 de
221 1964 279 1986 eos
298 1953 407 1986 emitti
426 1958 535 1996 rogat.

117 1998 304 2043 Lysander,
331 1999 516 2042 imperator
534 1997 739 2042 Spartanus,
766 2009 837 2030 rem

161 2044 427 2078 Atheniensium
468 2045 625 2077 navalem
659 2049 692 2076 et
724 2049 837 2076 totum

160 2090 344 2134 imperium
370 2090 529 2124 funditus
555 2090 675 2123 evertit
700 2089 743 2122 ad
768 2090 837 2122 Ae-

159 2142 399 2181 gospotomos,
413 2136 520 2180 captis
539 2135 697 2169 ducentis
715 2147 836 2169 eorum

161 2182 308 2216 navibus
327 2182 406 2227 691,
425 2182 457 2215 6.

115 2228 246 2280 Lysias,
270 2234 396 2269 orator,
424 2227 567 2272 Cephali
593 2228 696 2267 filius,
724 2227 836 2260 Meta-

159 2275 252 2308 nirae
270 2281 403 2308 amator
421 2284 519 2318 1351,
539 2285 594 2318 23.

114 2319 374 2365 Lysimachum,
398 2320 523 2359 virum,
550 2326 589 2353 ut
614 2319 756 2364 antiqua
780 2320 837 2352 ina

159 2372 315 2410 tempora
342 2365 683 2417 ferebant,p10bum
712 2372 745 2398 et
773 2365 835 2398 ho-

159 2418 310 2451 nestum,
330 2411 505 2456 quomodo
529 2412 619 2445 cives
644 2411 835 2445 honorave-

160 2457 227 2490 rint
246 2469 324 2501 491,
344 2457 398 2490 26.
451 2457 529 2490 Fuit
553 2456 728 2496 Aristidis,
750 2458 836 2502 justi

161 2503 255 2543 dicti,
275 2503 376 2536 filius.

114 2548 343 2593 Lysimachus
358 2549 507 2593 Lysippi,
519 2548 724 2593 Aegiliensis
737 2549 834 2593 1387,

161 2608 192 2636 4.

115 2641 266 2685 Lysinus
284 2652 328 2684 94

115 2686 301 2731 Lysippus,
318 2652 494 2720 grioensis
513 2687 611 2730 1083,
628 2697 678 2719 11.

116 2732 340 2776 Lysistratus,
352 2732 534 2765 Thoricius
553 2743 651 2776 1023,
671 2743 725 2776 23.

116 2778 339 2822 Lysistratus,
354 2778 508 2811 Aristoni
522 2783 665 2811 testatus
683 2778 718 2811 in
736 2789 834 2811 caus-

161 2835 197 2856 sa
231 2823 412 2857 verberum
453 2823 617 2856 adversus
655 2822 835 2857 Cononem

167 2869 263 2906 1266,
284 2869 337 2902 26.

116 2915 324 2959 Lysitliides,
352 2916 387 2948 in
414 2915 591 2949 ditissimis
610 2914 756 2960 Athenis
781 2927 834 2949 ae-

1527 102 1625 137 14⁸3

947 209 1014 236 tate
1037 202 1280 236 Demosthenis
1299 202 1378 246 565,
1399 212 1448 245 13.
1483 213 1624 235 accusa-

947 256 1002 282 tus
1017 249 1059 282 ab
1077 249 1290 282 Eue-temone
1309 255 1473 292 tanquam
1492 247 1623 281 habens

946 307 1050 338 penes
1081 308 1116 328 se
1150 293 1311 339 praedam
1342 294 1438 327 navis
1468 293 1624 328 Naucra-

945 341 1058 374 titicae
1081 341 1123 374 ab
1142 340 1359 374 Androtione
1384 341 1526 385 ejusque
1553 341 1622 373 col-

945 387 1030 431 legis
1065 387 1245 431 legationis
1276 387 1309 419 iu
1338 386 1473 419 Cariam
1504 393 1623 431 captae

947 442 1024 477 703,
1044 445 1092 474 14.
1129 446 1147 467 a
1163 433 1320 476 Callippo
1338 432 1464 465 arbiter
1481 432 1570 466 inter
1588 445 1624 466 se

945 485 977 511 et
998 479 1177 512 l'asionem
1204 479 1356 512 delectus
1376 489 1473 520 1240,
1493 480 1524 511 8.
1563 479 1622 512 ubi

948 524 1107 558 Isocratis
1125 532 1158 558 et
1176 524 1325 569 Apharei
1344 524 1519 558 familiaris
1539 524 1622 558 dici-

944 577 1010 604 tur.

900 616 1125 656 Macar-tatus,
1150 617 1344 650 avunculus
1371 617 1460 650 illius
1486 617 1622 650 Macar·

944 663 1016 700 tati.
1048 663 1082 696 in
1110 675 1213 708 quem
1248 663 1372 707 agitur,
1407 662 1623 707 Prospaltius

948 709 1046 749 1066,
1066 720 1096 742 2.

899 754 1347 799 Macartatus‚'l'heopompi
1360 754 1462 794 filius,
1475 755 1509 788 in
1518 766 1620 799 quem

943 802 1012 845 agit
1030 802 1160 835 oratioa
1177 814 1209 845 p.
1228 810 1325 843 1050.
1345 800 1387 834 ad
1406 813 1439 845 p.
1461 811 1558 845 1079.

898 846 1105 880 Macedonia
1123 854 1194 880 tam
1215 853 1286 880 erat
1305 847 1445 880 Graecis
1466 853 1622 880 contem-

943 899 977 926 ta
999 900 1037 926 ut
1061 905 1103 926 ne
1129 893 1342 937 mancipium
1366 892 1506 937 quidem
1529 893 1621 934 frugi

943 939 1178 972 existimarent
1201 939 1281 972 inde
1302 939 1473 982 exportari
1493 950 1569 982 119,
1588 940 1620 971 8.

943 985 1025 1018 olim
1046 985 1224 1029 vectigalis
1250 990 1321 1018 erat
1348 984 1622 1018 Atheniensibus

948 1030 1023 1072 156,
1040 1043 1051 1064 1
1062 1041 1092 1065 5.

898 1051 1077 1122 Madytusl,
1097 1076 1265 1121 oppidum
1285 1076 1519 1110 Cherrhonesi
1542 1076 1621 1120 256,

945 1133 1000 1167 23·

899 1169 1080 1213 Magnesia
1092 1169 1291 1202 Thessalica
1308 1181 1327 1202 a
1342 1168 1504 1220 Philippo
1522 1174 1622 1213 capta

949 1226 985 1248 12
1004 1215 1067 1248 ult.
1102 1215 1285 1249 moenibus
1311 1227 1387 1248 eam
1409 1215 1501 1259 cingi
1524 1215 1620 1248 nole-

943 1261 1027 1294 bant
1051 1260 1221 1301 Thessali,
1251 1261 1411 1305 Philippo
1437 1260 1470 1294 id
1498 1267 1622 1312 agente

948 1317 999 1351 15,
1016 1318 1067 1351 19.
1101 1307 1207 1351 hujus
1230 1307 1348 1351 oppidi
1371 1318 1494 1340 caussa
1516 1307 1619 1340 ratio-

943 1365 1003 1386 nes
1037 1365 1057 1386 a
1086 1353 1246 1397 Philippo
1280 1358 1431 1397 repetere
1460 1352 1622 1386 volebant

942 1399 1098 1432 Thessali
1113 1410 1168 1439 20,
1186 1410 1237 1441 14.
1279 1399 1459 1443 Philippus
1477 1410 1553 1432 eam
1570 1399 1621 1442 ip-

943 1445 989 1478 sis
1007 1457 1077 1478 una
1094 1457 1175 1478 cum
1193 1445 1321 1479 Nicaea
1344 1444 1546 1478 restituebat
1566 1454 1619 1489 71,

949 1503 998 1524 11.
1033 1491 1139 1524 veluti
1164 1491 1258 1536 regio
1284 1503 1303 1524 a
1319 1491 1498 1525 Thessalia
1523 1502 1621 1535 sepa-

943 1543 1015 1570 rata
1032 1543 1245 1570 memoratur
1260 1538 1359 1581 1382,
1381 1547 1395 1556 5

898 1584 1084 1617 Malienses
1102 1595 1208 1627 prope
1227 1583 1415 1616 Phocidem
1434 1593 1533 1627 1379,
1554 1593 1608 1616 22.

898 1630 1034 1669 Manes,
1048 1641 1169 1663 servus
1187 1629 1366 1662 Arethusii
1384 1638 1483 1673 1253,
1502 1628 1523 1662 6

898 1675 1050 1709 Mantias
1079 1675 1274 1714 Thoricius,
1309 1681 1405 1719 pater
1436 1675 1622 1708 Mantithei

943 1733 984 1755 ex
1002 1733 1110 1755 uxore
1127 1721 1281 1765 legitima
1298 1727 1331 1754 et
1346 1721 1467 1754 Boeoti
1485 1732 1502 1754 e
1517 1721 1620 1754 Plan-

943 1779 1033 1811 gone
1056 1767 1263 1807 concubina,
1282 1779 1301 1799 a
1318 1779 1385 1812 qua
1403 1767 1619 1800 circumven-

942 1819 999 1846 tus
1033 1819 1065 1846 et
1099 1818 1239 1846 coactus
1272 1819 1323 1846 est
1361 1813 1519 1856 spurium
1557 1824 1620 1857 pro

942 1870 1022 1892 vero
1064 1858 1134 1892 filio
1175 1870 1240 1891 suo
1285 1870 1473 1903 agnoscere
1517 1865 1621 1909 atque

942 1904 1106 1948 adoptare
1135 1915 1213 1949 993.
1264 1915 1353 1937 circa
1382 1904 1440 1938 fin.
1472 1910 1505 1937 et
1538 1905 1619 1937 totis

942 1950 1079 1984 duabus
1105 1950 1370 1995 insequentibus
1391 1950 1618 1989 orationibus,

941 1997 1112 2030 ambabus
1153 2008 1172 2029 a
1207 1995 1402 2030 Mantitheo
1442 1995 1540 2029 dictis
1582 1996 1617 2029 in

942 2043 1126 2082 Boeotum,
1144 2043 1249 2076 altera
1274 2053 1337 2086 pro
1357 2042 1497 2076 nomine
1514 2041 1618 2076 Man-

939 2089 1038 2122 tithei
1055 2088 1235 2122 retinendo
1249 2099 1361 2132 neque
1374 2088 1617 2132 permutando,

939 2135 1046 2168 altera
1062 2146 1124 2178 pro
1139 2134 1219 2168 dote
1235 2134 1355 2167 matris
1369 2133 1616 2178 recuperanda,

939 2180 982 2214 ad
1000 2193 1034 2224 p.
1050 2180 1149 2214 1026.

894 2227 1124 2266 Mantitheus,
1142 2226 1234 2260 illius
1254 2226 1408 2259 Mantiae
1434 2226 1536 2266 filius,
1555 2237 1615 2259 cu-

935 2274 993 2317 jus
1027 2272 1069 2306 de
1102 2273 1240 2316 gemina
1278 2272 1411 2306 actione
1448 2271 1615 2305 adversus

941 2319 1126 2358 Boeotum,
1152 2318 1293 2352 fratrem
1319 2318 1489 2362 spurium,
1510 2317 1616 2351 modo

939 2370 1251 2398 commemoratum
1268 2370 1332 2404 est,
1350 2363 1472 2397 iisdem
1490 2364 1586 2397 locis.

893 2410 1093 2444 Marathon.
1133 2410 1315 2454 Philippus
1332 2410 1367 2443 in
1384 2421 1481 2443 oram
1500 2410 1615 2443 Mara-

938 2457 1095 2490 thoniam
1121 2456 1275 2489 escendit
1303 2462 1336 2489 et
1364 2455 1456 2488 111100
1483 2467 1616 2488 5110111111

938 2503 1067 2536 Athen.
1094 2502 1268 2535 triremem
1297 2501 1465 2534 abstraxit
1487 2512 1530 2545 49
1551 2502 1615 2534 ult.

940 2548 1162 2582 Marathonia
1186 2558 1315 2591 pugna,
1334 2546 1421 2579 duce
1445 2546 1615 2586 Miltiade,

938 2606 1019 2628 cum
1054 2594 1166 2627 Persis
1201 2592 1387 2626 commissa
1407 2602 1482 2636 172,
1504 2592 1555 2625 16.
1582 2599 1615 2626 et

940 2651 957 2673 2
962 2651 994 2684 3.
1014 2638 1093 2678 686,
1110 2647 1138 2683 7.
1172 2638 1312 2672 celebris
1330 2638 1388 2670 illa
1405 2638 1615 2671 Demosthe-

939 2686 992 2719 nis
1013 2684 1154 2729 jurandi
1179 2684 1340 2723 formula,
1359 2684 1396 2716 οὐ
1418 2684 1465 2725 μὰ
1484 2684 1561 2719 τοὺς
1580 2685 1615 2717 ἐν

939 2730 1120 2775 Ἢαραθῶνι
1135 2740 1212 2774 297,
1230 2740 1281 2763 10.
1320 2729 1383 2762 soli
1403 2729 1615 2763 Graecorum

938 2776 1096 2810 omnium
1111 2776 1328 2809 Plataeenses
1342 2775 1615 2810 Atheniensibus

938 2828 1184 2856 succurrerunt
1199 2830 1297 2865 1377,
1316 2832 1348 2865 3.

894 2867 1233 2919 Μ111ᾱοῐ111,Ρο15110,
1253 2878 1271 2900 a
1288 2866 1451 2900 Xerxem
1473 2866 1615 2901 Graecia

939 2914 1045 2947 relicti
1079 2920 1110 2947 et
1146 2913 1181 2946 in
1218 2913 1347 2958 proelio
1383 2912 1426 2946 ad
1461 2913 1613 2947 Plataeas
