1925 3215
612 125 673 160 IN
710 122 1172 160 DEMOSTHENEM.

141 223 375 268 Borysthenes
395 225 474 269 926,
493 236 525 268 3.

140 269 390 314 Bosporichus,
425 271 687 305 Hieromnenon
723 271 857 316 Byzan-

185 316 264 355 tius,
290 329 359 361 quo
383 323 537 361 ternpore
564 317 721 363 Byzantii
748 329 859 361 popu-

185 363 219 395 lo
244 343 371 396 Athen.
392 375 555 397 coionam
579 376 718 397 auream
743 364 859 397 (lecer-

186 408 326 447 nebant,
345 409 418 453 ejus
436 422 539 453 opcra
555 410 688 443 liberati
706 410 748 443 ab
767 409 859 443 obsi-

187 454 288 488 dione
309 435 495 499 l’o’hilippi
478 482 494 488 -
500 466 555 499 33,
577 467 631 490 20.

142 500 365 544 Bosporium,
386 508 506 544 portus
526 502 683 547 Β)7.1111111
708 501 786 545 256,
808 512 859 534 12.

143 546 335 590 Bosporus,
357 548 551 591 emporium
579 549 613 581 in
637 549 761 587 Ponto,
779 548 859 591 467,

195 604 244 625 11.

144 638 360 683 Brachyllus,
396 651 493 673 socer
528 640 649 684 Lysiae
686 640 861 683 sophistae

194 695 291 728 135²·
314 695 334 729 5

145 730 315 764 Brauron.
338 731 356 773 ἡ
382 731 617 776 Βραυρωνόθεν
640 732 741 775 ἱέρεια
764 731 861 773 1264,

191 787 245 810 20.

144 822 307 867 Brytidae
330 823 428 867 1365,
447 825 466 857 8

145 869 313 908 Β11611613,
336 869 503 913 oppidum
529 868 714 913 Cassopiae
732 870 787 911 84,
809 880 862 913 23.

145 914 337 959 Bulagoras
358 915 583 960 Alopecensis
602 915 667 948 fuit
689 915 724 948 in
742 916 863 959 legatis

190 961 233 994 ad
259 961 456 1005 Philippum
483 961 576 1006 apud
602 961 757 995 Elateam
782 962 863 994 mis-

192 1007 238 1041 sis
261 1008 338 1047 282,
359 1019 414 1051 23.

146 1053 296 1087 Β11561115
319 1063 416 1098 1055,
442 1064 496 1098 23.
527 1053 588 1087 ubi
620 1053 864 1087 Buselidarum

192 1111 246 1133 res
264 1100 402 1151 copiose
423 1106 638 1133 enarrantur.

147 1145 324 1191 Byzantiis
342 1146 377 1179 in
396 1146 545 1179 formula
564 1146 656 1190 pacis
677 1146 765 1179 inter
785 1146 865 1179 Phi-

192 1192 325 1236 lippum
344 1198 376 1225 et
390 1192 620 1226 Athenienses
640 1193 790 1225 sancitae
808 1192 866 1225 (16-

193 1244 326 1271 cretum
348 1238 438 1271 fuit·
426 1250 484 1282 jus
503 1239 682 1282 vectigalia
707 1238 867 1282 exigendi

193 1296 213 1317 a
234 1284 381 1318 navibus
410 1284 561 1318 Pontum
588 1284 785 1328 petentibus
811 1284 866 1328 63,

198 1342 250 1375 19.
279 1330 438 1374 Byzantii
469 1337 501 1364 et
530 1330 761 1364 Athenienses
789 1342 867 1364 rnu-

194 1382 272 1410 tuas
295 1377 486 1410 simultates
510 1376 715 1410 exercebant
735 1387 792 1421 93,
815 1388 867 1418 14.

193 1422 324 1456 bellum
349 1423 472 1456 sociale
495 1434 576 1456 cum
595 1422 692 1455 Chiis
716 1429 748 1456 et
774 1422 868 1456 Rho-

196 1468 261 1501 diis
284 1468 450 1502 adversus
470 1469 699 1502 Athenienses
723 1469 868 1512 suscipi-

195 1514 299 1548 ebant
328 1526 404 1559 191,
426 1525 476 1548 12.
503 1515 577 1548 aliis
604 1515 638 1548 in
664 1514 796 1548 caussis
824 1515 868 1548 si-

195 1561 383 1594 multatum
407 1560 555 1594 edebant
577 1560 678 1599 hanc,
702 1560 796 1605 quod
820 1561 868 1593 A·

195 1606 393 1639 thenienses
409 1606 667 1640 Chalcedonem
684 1613 716 1640 et
736 1606 869 1651 Selym-

195 1652 307 1685 briam
334 1653 377 1686 ab
404 1653 489 1696 ipsis
517 1653 748 1686 abalienatum
783 1653 871 1686 irent

201 1699 276 1742 198,
304 1710 357 1732 12.
384 1699 510 1743 quibus
547 1698 588 1732 de
621 1699 752 1732 caussis
788 1698 869 1732 Phi-

196 1745 312 1788 lippus
341 1745 547 1789 Byzantium
573 1744 759 1783 obsederit,
787 1745 869 1778 item

197 1790 413 1823 obsidionem
446 1791 538 1824 illam
569 1802 588 1824 a
618 1791 726 1824 classe
757 1791 872 1824 Attica

199 1837 348 1870 solutam
366 1837 485 1876 fuisse,
500 1843 533 1870 et
551 1836 592 1870 de
611 1848 738 1869 corona
756 1847 870 1875 aurea,

199 1894 266 1927 qua
295 1883 446 1926 populus
478 1883 668 1926 Byzantius
703 1883 871 1933 populum

199 1928 449 1962 Atheniensem
500 1928 545 1962 ob
598 1927 684 1961 illud
736 1928 871 1972 insigne

198 1975 361 2007 meritum
388 1974 524 2007 ornavit
553 1984 630 2018 254,
659 1983 736 2018 255.
767 1985 871 2007 naves

199 2020 441 2053 frumentarias
456 2019 750 2054 Atheniensium
743 2031 778 2053 111
792 2031 872 2063 por-

200 2072 275 2099 tum
302 2078 405 2099 suum
432 2065 651 2100 deducebant
682 2075 767 2110 1207
792 2077 871 2110 pen.

204 2123 287 2145 1211
311 2124 389 2156 pen.

156 2157 377 2203 Byzantium,
419 2170 439 2191 a
481 2157 640 2201 Philippo
689 2157 873 2191 obsessum

202 2205 279 2245 248,
311 2213 362 2248 17.
405 2210 561 2237 servatur
602 2203 644 2236 ab
681 2203 872 2237 Athenien-

202 2250 291 2283 sium
324 2251 432 2283 classe
468 2250 549 2283 111116
582 2250 699 2288 missa,
733 2256 874 2283 auctore

203 2296 439 2330 Demosthene
466 2306 544 2338 252,
563 2296 595 2329 8.
625 2296 718 2328 illam
743 2295 873 2329 obsidi-

202 2353 305 2375 onem
334 2342 486 2386 suscepit
514 2342 697 2386 Philippus
728 2341 770 2375 ab
804 2342 874 2375 Eu-

201 2387 288 2421 boea
311 2387 476 2431 depulsus
499 2398 576 2429 254,
600 2398 652 2431 17.
679 2388 797 2421 classis
818 2388 876 2420 illa

203 2434 318 2467 Attica
337 2433 514 2477 Byzantiis
536 2434 663 2467 auxilio
684 2434 790 2466 missa
811 2444 876 2467 120

202 2479 350 2512 navibus
383 2479 564 2512 constabat
598 2479 676 2523 256,
700 2491 728 2512 1.
766 2479 875 2523 impe-

204 2531 299 2558 rante
319 2524 502 2558 Phocione.

158 2571 298 2615 Cabyle,
329 2570 498 2614 oppidum
526 2570 692 2603 Thraciae
724 2581 799 2610 100,
820 2581 874 2603 22.

203 2623 299 2650 estne
341 2616 472 2655 eadem,
515 2627 602 2660 quae
643 2628 676 2659 p.
712 2626 787 2660 159,
822 2627 874 2650 10.

205 2662 354 2707 Crobyle
379 2642 590 2705 appellatur.
583 2664 594 2685 Ρ

159 2708 329 2747 Calauria,
371 2708 485 2740 insula
525 2718 632 2751 prope
665 2707 877 2741 Troezenem

210 2755 308 2793 1188,
328 2763 358 2786 7.
385 2753 433 2786 11)1
455 2754 623 2796 templum
650 2759 721 2786 erat
740 2753 818 2797 Nep
820 2760 874 2786 tu-

204 2800 252 2838 ni,
285 2799 321 2831 in
333 2775 448 2843 [quod
483 2798 738 2832 Demosthenes
778 2800 877 2832 exsul

206 2826 399 2888 ie’fugiebat
421 2853 594 2887 147210.

161 2890 414 2929 (allaeschrus,
443 2890 588 2922 Diotimi
615 2889 718 2927 filius
746 2890 876 2923 Cotho-

207 2936 310 2972 eides.
332 2935 396 2969 fuit
422 2936 457 2968 in
480 2935 600 2979 legatis
624 2935 666 2968 ad
692 2928 877 2969 I‘hebanos

1549 121 1647 164 1467

971 236 1012 257 eo
1041 224 1169 262 missis,
1196 234 1266 268 quo
1292 222 1539 267 persuaderent
1565 223 1648 266 ipsis

974 276 1011 303 ut
1031 281 1112 303 cum
1133 269 1170 303 l'.
1191 270 1232 302 Α.
1252 269 1374 303 foedus
1399 275 1431 302 et
1449 269 1647 303 societatem

973 316 1051 349 belli
1085 316 1253 349 adversus
1290 316 1487 360 Philippum
1522 314 1649 348 inirent

975 373 1053 406 291,
1082 362 1114 396 8.
1159 362 1349 395 habebatur
1391 362 1425 395 in
1468 360 1647 394 ditissimis

973 409 1101 441 civium
1127 408 1256 441 Athen.
1276 408 1356 451 565,
1380 419 1430 451 13·

928 455 1096 492 Callarus‚
1117 466 1237 487 servus
1261 458 1360 493 1280,
1380 464 1423 487 20
1441 465 1493 498 sq.

929 500 1067 539 Callias,
1090 500 1278 544 Hipponici
1300 500 1402 539 filius,
1422 500 1479 544 qui
1498 498 1648 533 celebra-

974 553 1045 579 tam
1063 546 1156 579 illam
1180 558 1261 579 cum
1286 558 1365 590 rege
1386 546 1569 579 Persarum
1591 557 1650 589 pa-

975 604 1047 626 cem
1075 592 1199 631 sanxit,
1227 604 1295 637 qua
1321 592 1393 635 regi
1426 591 1650 625 interdictum

975 638 1041 671 fuit
1065 650 1107 671 ne
1131 637 1174 671 ad
1198 650 1291 671 mare
1311 638 1370 671 Α6
1363 650 1487 682 raeuin
1507 637 1651 671 descen-

976 684 1080 723 deret,
1099 690 1132 716 et
1151 683 1314 729 quicquid
1339 684 1381 717 ab
1400 696 1460 717 ora
1479 683 1652 717 maritima

975 731 1010 763 in
1028 730 1266 763 continentem
1280 736 1411 773 pateret
1427 729 1470 763 ad
1485 729 1652 763 diurnum

975 777 1054 821 equi
1082 788 1225 809 cursum
1255 777 1402 810 liberum
1429 782 1461 808 et
1487 776 1651 819 suijuris

975 823 1193 867 relinqueret,
1224 829 1257 855 et
1290 821 1530 861 nihilominus,
1557 821 1653 866 quod

976 880 1061 902 auro
1093 868 1231 901 Persico
1261 874 1447 911 corruptus
1475 868 1546 911 regi
1576 868 1653 911 plus

977 925 1087 959 aequo
1110 914 1323 947 concessisse
1348 913 1533 953 videretur,
1552 914 1653 958 quin-

978 961 1144 1005 quaginta
1186 960 1323 993 talentis
1371 960 1540 993 multatus
1589 959 1654 993 fuit

979 1007 1059 1048 428,
1079 1016 1121 1050 27

933 1052 1071 1092 Callias,
1090 1053 1276 1096 imperator
1296 1051 1577 1091 Atheniensium,
1596 1063 1654 1085 ur-

978 1099 1039 1132 bes
1073 1098 1116 1132 ad
1150 1098 1386 1143 Pagasiticum
1420 1098 1537 1132 sinum
1572 1098 1654 1131 sitas

979 1145 1069 1189 cepit
1087 1150 1119 1178 et
1137 1145 1171 1178 in
1188 1144 1432 1178 Macedoniam
1451 1145 1655 1189 navigantes

979 1191 1159 1234 intercepit
1188 1196 1290 1235 atque
1317 1190 1473 1224 vendidit
1502 1201 1578 1235 159,
1599 1200 1654 1233 25.

980 1249 1049 1282 qua
1067 1236 1108 1270 de
1128 1237 1254 1281 injuria
1274 1236 1456 1281 Philippus
1479 1236 1525 1269 ibi
1543 1236 1656 1281 queri-

980 1290 1048 1316 tur.
1085 1283 1254 1316 Fortassis
1273 1282 1365 1316 idem
1383 1288 1435 1316 est
1453 1294 1533 1316 cum

935 1329 1044 1363 Callia
1064 1328 1270 1362 Phrearrhio
1290 1329 1368 1371 265,
1384 1328 1416 1362 6.
1435 1335 1467 1361 et
1489 1338 1540 1373 17.

936 1375 1062 1409 Callias
1082 1374 1277 1414 Suniensis,
1296 1375 1506 1419 Areopagita
1525 1384 1602 1419 272,
1621 1384 1656 1417 5.

936 1421 1074 1459 Callias,
1089 1433 1209 1454 servus
1227 1421 1389 1465 publicus
1409 1432 1470 1455 seu
1488 1421 1598 1461 lictor,
1613 1420 1657 1454 ad

983 1467 1184 1511 Philippum
1207 1467 1354 1506 transiit,
1374 1479 1393 1500 a
1416 1478 1485 1512 quo
1507 1467 1658 1511 benigne

981 1519 1145 1557 exceptus
1163 1519 1215 1546 est
1236 1524 1289 1557 23,
1308 1524 1360 1558 19.

937 1559 1107 1598 Callicles,
1128 1559 1327 1603 Epitrephis
1354 1559 1458 1599 filius,
1476 1559 1656 1592 Thriasius

988 1616 1086 1644 1221,
1110 1616 1161 1639 10.

937 1650 1136 1684 Callicrates
1156 1651 1329 1695 Euphemi
1348 1651 1387 1684 61
1400 1663 1427 1691 1,
1448 1662 1490 1695 ².)

938 1696 1148 1737 Callicrates,
1166 1697 1270 1731 frater
1290 1697 1441 1730 Calliclis
1464 1706 1563 1741 1272,
1582 1708 1634 1731 10.

938 1743 1160 1787 CallippideS,
1188 1750 1284 1787 pater
1315 1743 1466 1776 Calliclis
1493 1749 1526 1777 et
1555 1743 1660 1776 Calli-

984 1790 1085 1822 cratis
1103 1789 1210 1822 modo
1231 1789 1403 1822 dictorum
1426 1798 1524 1833 1272,
1544 1789 1596 1822 18.

939 1834 1131 1878 Callippus,
1162 1835 1428 1879 (Lamptrensis,
1459 1842 1498 1868 ut
1529 1835 1661 1879 colligi-

983 1887 1042 1914 tur
1066 1892 1107 1914 ex
1130 1891 1228 1924 1243,
1249 1891 1303 1914 21.
1333 1881 1432 1925 1236,
1451 1881 1521 1925 15.)
1549 1880 1661 1914 Hera-

984 1927 1174 1960 cleotarum
1207 1938 1395 1970 proxenus,
1434 1926 1476 1959 de
1511 1926 1660 1971 Lyconis

984 1972 1193 2006 haereditate
1217 1984 1297 2006 cum
1316 1971 1542 2016 Apollodoro,
1566 1972 1662 2005 Pasi-

985 2019 1061 2051 onis
1088 2018 1168 2057 filio,
1189 2018 1379 2058 contendit,
1407 2019 1462 2051 cui
1489 2024 1663 2062 repugnat

985 2064 1221 2108 Apollodorus
1255 2065 1421 2103 oratione,
1455 2076 1543 2109 quae
1575 2064 1661 2108 legi-

985 2116 1043 2144 tur
1067 2122 1100 2154 p.
1120 2120 1207 2155 1235
1226 2122 1277 2155 sq.
1302 2110 1345 2143 ab
1363 2109 1580 2155 Apollodoro
1605 2122 1662 2144 ac·

985 2163 1127 2190 cusatus
1149 2156 1216 2200 960
1233 2158 1296 2190 ult.

940 2202 1132 2247 Callippus,
1147 2202 1303 2236 Philonis
1316 2202 1419 2242 filius,
1432 2203 1662 2241 Aexonensis,

989 2260 1089 2289 1221,
1108 2258 1140 2293 5.
1168 2260 1272 2293 quem
1296 2254 1532 2288 veteratorem,
1559 2249 1663 2282 cavil-

985 2296 1130 2328 latorem
1153 2301 1186 2328 et
1211 2295 1453 2338 importunum
1477 2295 1664 2328 rixatorem

986 2342 1134 2385 appellat
1152 2340 1237 2374 ibid.
1256 2352 1336 2384 pen.

942 2386 1122 2431 Callippus
1141 2387 1340 2420 Paeniensis
1360 2386 1561 2430 psephisma
1579 2387 1662 2420 scri-

986 2439 1101 2476 pserat
1117 2433 1201 2466 utile
1226 2432 1420 2471 Cardianis,
1439 2432 1664 2465 Atheniensi·

987 2479 1054 2512 bus
1101 2478 1325 2518 damnosum,
1367 2484 1579 2522 quapropter
1622 2477 1665 2511 ab

987 2531 1127 2558 auctore
1144 2524 1310 2557 orationis
1329 2523 1371 2556 de
1389 2523 1590 2556 Halonneso
1608 2535 1664 2556 ac—

987 2576 1129 2603 cusatus
1153 2575 1204 2602 est
1222 2569 1278 2614 87,
1296 2580 1330 2614 9.
1353 2569 1444 2601 conf.
1464 2581 1498 2612 p.
1520 2568 1574 2612 7,6
1593 2581 1625 2610 4.

943 2615 1134 2660 Callippus,
1165 2615 1270 2648 frater
1303 2614 1428 2647 actoris
1464 2588 1584 2647 constra
1615 2614 1664 2648 O-

987 2660 1245 2706 lympiodorum
1267 2668 1367 2704 1173,
1387 2672 1419 2701 4.

944 2706 1031 2740 Calli
1034 2718 1137 2750 ppus,
1160 2705 1351 2749 Phaenippi
1376 2711 1471 2748 pater
1494 2715 1593 2748 1045,
1612 2715 1665 2750 5.

944 2752 1185 2791 Callisthenes,
1218 2751 1374 2784 Eteonici
1408 2751 1511 2790 filius,
1543 2751 1666 2784 Phale-

990 2809 1080 2836 reus,
1105 2797 1320 2842 rogationem
1344 2796 1474 2829 ferebat
1499 2802 1538 2829 ut
1555 2796 1665 2830 Athe-

990 2843 1164 2876 niensium
1188 2843 1306 2876 nullus
1324 2841 1410 2875 urbe
1431 2842 1576 2882 abesset,
1595 2854 1665 2887 quo

991 2896 1144 2933 tempme
1187 2887 1369 2931 Philippus
1411 2888 1590 2931 repentina
1630 2889 1667 2921 in

992 2934 1147 2968 Phocida
1181 2934 1372 2978 irruptione
1405 2934 1560 2968 Athenas
1590 2945 1666 2978 per-
