1935 3200
305 146 416 187 1346
686 145 1007 184 ADVERSUS
1044 145 1426 184 EUBULIDEM.

361 261 480 304 1317,
506 261 569 303 27.
596 250 666 299 τὴν
687 252 827 301 ψῆφον
849 249 1032 302 ἤνεγκεν]
1072 249 1155 289 Hic
1176 252 1316 300 ψῆφον
1337 249 1474 300 φέρειν
1495 254 1559 289 est
1585 264 1700 290 suum
1729 250 1808 290 sin-

296 306 484 361 §ederem⁷
506 320 629 345 unum
650 307 782 354 maius,
803 305 997 345 caleulum
1018 305 1229 345 demittere.
1291 305 1443 358 Liquet
1467 306 1544 345 hoc
1565 320 1617 346 ex
1638 320 1808 360 sequen—

297 362 410 402 tibus
433 361 560 401 etiam
581 377 621 415 p.
645 362 763 414 1318.
788 362 1032 411 Εὐβουλίδης
1054 361 1165 402 αὐτὸς
1186 362 1332 407 οὑτοσὶ,
1356 362 1468 410 ἡνίκα
1490 361 1711 414 ἐνεγράφην
1733 364 1808 415 ἐγὼ

298 419 360 457 καὶ
382 419 598 468 ὀμόσαντες
619 420 655 457 οἱ
677 419 836 468 δημόται
858 420 1009 458 δικαίως
1024 417 1167 458 πάντες
1187 418 1274 468 περὶ
1298 419 1390 467 ἐμοῦ
1407 417 1476 467 τὴν
1492 420 1632 469 ψῆφον
1650 419 1806 469 ἔφερον,

297 475 385 513 οὔτε
419 475 684 525 κατηγόρησεν
712 475 799 513 οὔτε
835 475 1016 513 ἐναντίαν
1047 473 1116 522 τὴν
1145 475 1286 524 ψῆφον
1316 473 1468 524 ἤνεγκε.
1531 474 1646 514 Male
1681 474 1809 529 igitur

298 529 491 569 Reiskius
531 529 573 568 in
612 529 753 569 Indice
785 529 933 569 Graec.
967 543 998 569 s.
1023 543 1058 568 v.
1091 528 1229 580 φέρειν
1261 528 1330 578 τὴν
1362 532 1502 580 ψῆφον
1534 530 1699 581 ἤνεγκεν
1729 531 1808 570 1100

295 585 385 625 1000
418 585 723 639 interpretatur
750 585 959 639 proposuit
989 585 1046 625 ad
1074 584 1385 625 deliberandum.
1421 585 1668 625 SEAGER.
1691 586 1808 626 Diar.

297 641 466 682 Classic.
496 643 562 681 61.
591 657 630 695 p.
662 645 728 695 65.
777 642 889 681 Vere
924 641 1140 695 Seagerus.
1211 640 1409 681 Confudit
1446 641 1639 681 Reiskius
1672 643 1809 694 φέρειν

296 698 366 748 τὴν
389 700 528 750 ψῆφον
550 702 592 737 et
614 701 761 738 διδόναι,
783 698 852 748 τὴν
873 701 1026 749 ψῆφον.
1070 696 1318 737 SCHAEF.

358 764 478 807 1317,
503 755 568 795 28.
600 753 837 808 ὅτι-εῖναι]
877 754 942 793 Ex
978 754 1071 801 1100,
1109 753 1218 807 quod
1255 753 1445 793 omnibus
1482 752 1664 803 calculis,
1699 753 1810 794 inter

295 824 398 863 quos
430 809 621 849 nimirum
652 815 744 850 erat
776 816 818 850 et
851 809 1097 856 Eubulidae,
1121 814 1285 862 patrem
1314 823 1451 849 meum
1479 809 1809 850 Halimusiorum

296 866 545 919 municipem
567 880 655 906 esse
677 867 891 907 decretum
913 867 979 906 sit.
1024 865 1271 905 SEAGER.
1294 866 1318 905 l.
1343 880 1375 905 c.
1399 880 1438 919 p.
1462 867 1528 917 64.

344 922 529 975 ἁπάσαις]
557 923 745 962 Sul->audi
763 923 924 974 ψήφοις.
960 921 1124 962 calculis
1140 922 1583 961 onmiumdemotarum.
1613 921 1807 962 REISK.

352 979 467 1031 1318,
493 992 522 1017 1.
550 979 637 1029 περὶ
659 983 733 1019 τῶν
755 979 950 1032 πατέρων]
990 978 1054 1017 De
1084 992 1176 1018 meo
1206 982 1329 1031 patre
1360 983 1402 1018 et
1433 978 1484 1017 de
1515 983 1636 1030 patre
1668 977 1808 1018 Eubu-

298 1033 419 1074 lidae.
463 1034 655 1075 REISK.

352 1089 462 1144 ἀλλ’]
488 1091 551 1130 De
572 1091 648 1131 1100
666 1106 741 1130 usu
759 1090 1063 1144 conjunctionis
1079 1090 1187 1130 ἀλλά
1203 1105 1238 1130 v.
1255 1090 1310 1130 ad
1326 1104 1364 1143 p.
1380 1100 1476 1144 573,
1498 1104 1560 1130 10.
1592 1089 1807 1131 SOHAE-

360 1203 477 1256 1318,
504 1216 540 1244 2.
574 1203 854 1253 δικαίως-τὴν
874 1204 1014 1253 ψῆφον
1037 1203 1199 1256 ἔφερον]
1236 1203 1673 1255 ὁσίως-ἐψηφίσαντο
1701 1203 1808 1244 infra

295 1273 331 1297 v.
355 1272 414 1298 11.
459 1258 706 1298 SOHAEF.

357 1315 475 1367 1318,
497 1327 558 1367 13.
597 1313 919 1367 δοκιμασθέντος]
966 1313 1091 1353 Hunc
1129 1319 1204 1354 aut
1242 1315 1416 1355 similem
1450 1315 1572 1367 hujus
1607 1315 1808 1355 orationis

295 1370 428 1408 10011111
450 1370 492 1409 111
513 1374 652 1410 mente
675 1370 822 1410 habuit
846 1370 1157 1423 Harpocration
1180 1386 1215 1410 v.
1241 1372 1513 1422 Δοκιμασθείς.
1555 1370 1748 1412 REISK.

351 1428 573 1479 δοκιμασίᾳ]
609 1429 845 1478 διαψηφίσει
864 1426 1057 1466 Wfolfius.
1101 1427 1217 1467 Conf.
1240 1442 1278 1481 p.
1301 1429 1420 1480 1306,
1446 1440 1511 1468 20.
1540 1440 1659 1482 1319,
1684 1441 1748 1482 29.

359 1485 475 1535 1318,
501 1483 563 1523 18.
588 1484 630 1522 ἐν
652 1482 695 1538 ᾗ]
728 1484 789 1522 καὶ
812 1484 854 1522 ἐν
874 1481 897 1537 ᾗ
921 1483 1181 1522 Schaeferus.

356 1539 478 1592 1318,
502 1551 565 1579 20.
602 1540 812 1589 μισθώσεις
842 1540 1030 1592 τεμενῶν]
1066 1539 1118 1578 V.
1143 1539 1414 1580 Schoemann.
1443 1539 1590 1592 Antiq.
1623 1539 1732 1592 publ.
1765 1555 1804 1594 p.

300 1607 393 1645 204.

358 1651 474 1703 1318,
501 1663 564 1703 23.
590 1650 694 1690 Post
717 1651 816 1690 εἶναι
836 1655 1019 1704 ponatur
1039 1656 1252 1704 punctum.

358 1707 480 1759 1318,
506 1707 571 1747 26.
596 1705 673 1759 ὅτι]
699 1707 753 1746 ἔτι
777 1707 1037 1746 Schaeferus.

357 1762 476 1815 1318,
501 1773 564 1813 27.
588 1764 635 1802 τὰ
657 1763 779 1815 ὅπλα]
819 1764 953 1811 Seiam,
976 1777 1059 1802 11011
1079 1777 1207 1802 arma.
1250 1763 1444 1802 REISK.

357 1831 477 1872 1319,
496 1831 535 1870 3.
560 1819 862 1871 ἐμὲ-ποιῆσαι]
891 1818 965 1867 Ut,
982 1819 1102 1872 culpa
1121 1818 1315 1858 facinoris
1337 1818 1378 1857 in
1394 1818 1652 1859 adversarios
1669 1823 1803 1860 trans-

295 1873 395 1921 lata.
414 1874 601 1927 judicum
622 1874 930 1914 miserationem
952 1889 1263 1915 commoverem.
1308 1874 1552 1915 SCHAEF.

356 1943 474 1983 1319,
499 1931 536 1969 6.
568 1930 1092 1984 τηλικούτων-τεκμηρίων]
1132 1931 1333 1970 Arbitror
1365 1931 1441 1970 hoo
1475 1930 1555 1970 (1101
1590 1933 1800 1983 εἰρωνικῶς.

293 2000 366 2039 quo
387 2000 549 2025 caussae
574 2001 661 2025 eccm
685 2000 857 2026 successu
885 1987 1058 2041 aymdae
1082 1993 1290 2041 suppetant
1319 1993 1550 2040 aryumenta
1578 1987 1681 2027 tanti
1701 2002 1801 2042 pon-

293 2041 410 2082 deris.
455 2042 707 2082 SCHAEF.

355 2111 474 2151 1319,
494 2111 556 2138 10.
585 2099 607 2147 ἡ
635 2100 788 2152 ἀτυχία]
825 2099 1063 2151 Expunctio
1094 2098 1173 2138 11101
1205 2098 1380 2138 nominis
1410 2113 1460 2138 ex
1491 2099 1586 2139 albo
1617 2099 1801 2140 demota-

293 2166 396 2191 rum.
439 2154 633 2193 REISK.

354 2222 472 2262 1319,
496 2220 555 2261 15.
579 2211 790 2263 καλοῦμεν]
827 2210 993 2249 Scilicet
1012 2209 1218 2260 μάρτυρας.
1262 2209 1458 2249 REISK.

356 2277 473 2317 1319,
495 2270 558 2304 10.
589 2264 919 2318 πολλὰ-ἐάσω]
967 2265 1082 2305 Citat
1117 2265 1157 2304 h.
1189 2265 1214 2304 l.
1247 2265 1456 2305 Aristides
1481 2264 1597 2317 Τέχν.
1631 2281 1670 2319 p.
1705 2279 1798 2319 232.

350 2375 688 2428 διαπεπραγμένα]
721 2376 975 2427 πεπραγμένα
998 2376 1219 2416 Aristides.
1264 2376 1457 2415 REISK.

354 2444 472 2485 1319,
492 2432 554 2471 18.
577 2430 758 2486 νομίζετ’]
786 2431 1077 2482 ὑπολαμβάνετ’
1093 2432 1314 2472 Aristides.
1356 2432 1552 2472 REISK.

350 2487 527 2541 ἐκείνων]
563 2487 677 2537 Qua-e
704 2487 847 2527 statim
875 2487 1079 2541 percurrit
1105 2488 1295 2528 strictim.
1360 2488 1557 2542 Sequitur
1578 2487 1685 2528 enim
1707 2489 1799 2529 ἀνα-

293 2545 559 2595 κεφαλαίωσις
579 2543 633 2583 ad
651 2543 877 2596 juvandam
894 2543 1080 2596 judicum
1101 2544 1353 2584 memoriam.
1399 2544 1649 2585 SCHAEF.

354 2612 472 2653 1319,
492 2612 512 2639 2
517 2610 555 2653 5.
578 2602 756 2650 τέτταρες
778 2601 952 2652 ἀνεψιοὶ]
981 2600 1278 2649 Theocritides,
1296 2600 1570 2649 Charisiades,
1589 2600 1796 2641 Niciades.

293 2655 499 2706 Quartum
522 2655 658 2695 adhuc
680 2669 846 2708 quaero.
880 2655 1071 2695 REISK.
1134 2656 1187 2695 V.
1210 2657 1264 2696 ad
1286 2671 1326 2710 p.
1346 2670 1468 2711 1304,
1492 2659 1556 2696 26.

348 2711 604 2765 ἀνεψιαδοῦς]
640 2711 917 2751 Nicostratus.
960 2711 1150 2751 REISK.

353 2780 470 2820 1319,
496 2771 559 2809 26.
593 2768 735 2820 αὐτῶν]
788 2767 952 2806 Scilicet
984 2772 1060 2807 τῶν
1090 2769 1240 2807 οἰκείων
1262 2783 1297 2808 v.
1330 2781 1394 2821 23.
1423 2774 1505 2808 tum
1537 2767 1612 2816 illi,
1650 2767 1720 2821 qm·
1753 2767 1797 2807 in

289 2823 587 2862 malrimonimn
618 2823 813 2863 demerent
844 2823 1033 2873 mulieres,
1061 2838 1159 2877 quare
1187 2830 1278 2864 sunt
1304 2824 1348 2863 fin
1375 2838 1505 2864 eorum
1529 2822 1796 2876 (necessario-

291 2892 381 2917 rum
418 2879 549 2931 patris
582 2879 661 2918 mei
698 2881 818 2933 puta)
842 2893 1013 2919 numero.
1078 2880 1125 2918 In
1150 2880 1201 2919 A.
1224 2884 1287 2920 est
1316 2880 1428 2934 αὐτῷ.
1491 2880 1639 2919 Potest
1668 2879 1795 2919 etiam

292 2934 367 2972 hoc
397 2935 590 2986 explicari
618 2942 659 2975 et
685 2935 860 2974 defendi.
912 2938 978 2977 τὰς
1000 2937 1166 2986 ἀνεψιὰς
1187 2938 1254 2977 τὰς
1281 2937 1399 2977 οὔσας
1426 2936 1540 2990 αὐτῷ,
1563 2935 1721 2975 scilicet
1741 2937 1793 2988 τῷ
