1925 3215
434 153 754 194 ADVERSUs
800 151 1247 193 MAt‘ARTA'rUM.
1490 150 1600 190 1209

78 258 174 311 jure
201 258 340 298 hored.
372 272 412 311 p.
434 260 500 310 36.
521 269 588 311 37.
644 259 788 297 Meier.
813 259 863 297 (10
890 257 1032 309 gentil.
1061 257 1154 296 Att.
1184 271 1223 308 p.
1249 258 1307 294 18.
1363 253 1520 293 Matth.
1547 253 1598 291 ‹lo

77 314 206 367 judic..
231 329 270 367 p.
297 326 384 366 159.
429 315 617 355 Mueller.
642 315 695 354 :ul
724 314 917 367 Aeschyli
949 314 1118 352 l‘lumen.
1140 327 1178 365 p.
1206 314 1292 351 126.
1315 309 1466 363 aliique
1495 322 1598 362 quos

82 384 406 410 commemorare
436 371 536 410 1111111
566 371 736 417 attinet,
768 385 892 423 quum
924 384 1044 409 nemo
1078 383 1219 408 verum
1252 366 1440 406 videritff'
1501 365 1600 405 Alia

83 426 260 479 conjecit
286 427 505 481 Schelling.
529 427 580 466 (10
610 426 771 467 Solonis
799 427 874 480 leg.
898 442 938 480 p.
964 439 1029 478 72.
1053 426 1237 464 refutata
1265 439 1290 464 a
1312 421 1493 463 Frankio
1515 421 1538 460 l.
1563 436 1598 461 0.

81 498 121 537 Ρ·
149 494 241 537 739·

145 541 264 593 1069,
297 553 333 581 2.
371 541 439 579 ἐὰν
473 541 514 579 δὲ
548 539 777 580 αἰδέσασθαι
812 539 897 594 δέῃ]
937 537 1265 577 Involuntariam
1300 535 1467 575 eaodem
1502 538 1599 587 post

83 609 265 635 annuam
299 596 533 636 absentiam
570 598 914 648 (ἀπενιαυτισμόν)
952 593 1343 645 reeonciliatamque
1377 606 1470 630 eum
1503 605 1598 643 pro-

84 651 248 705 pinquis
275 652 396 691 oeeisi
422 652 602 706 gratiam
631 652 949 693 lustrationibus
972 649 1220 703 quibusdam
1247 647 1349 701 piari
1380 647 1491 699 leges
1513 647 1598 699 jus-

84 714 240 757 serunt,
263 712 390 761 atque
412 709 538 748 etiam
559 709 716 762 absque
738 709 806 749 illa
830 708 1032 754 absentia.
1056 706 1089 746 si
1112 704 1353 759 propinquis
1374 703 1596 751 videretur,

83 764 189 817 piari
216 765 520 818 permiserunt:
555 780 590 804 v.
615 780 649 804 0.
677 765 926 805 l'antaenet.
958 779 997 817 p.
1023 765 1116 816 98'3‚
1143 775 1201 813 19.
1267 761 1330 800 De
1359 759 1432 800 tali
1461 759 1598 812 expia—

84 820 198 860 tione
220 825 261 860 et
282 821 618 861 reconciliatione
641 821 727 860 sine
757 822 1044 873 ἀπενιαυτισμῷ
1073 817 1314 871 accipienda
1335 822 1398 856 cst
1419 816 1484 855 lex
1506 815 1546 854 h.
1570 815 1595 854 l.

83 876 224 925 allata,
252 877 321 917 ubi
350 878 476 917 verba
506 879 575 917 ἐὰν
603 879 643 917 δὲ
676 878 909 917 αἰδέσασθαι
940 876 1006 931 δέῃ
1038 875 1273 927 significant
1305 871 1599 913 necessitatem

83 933 267 975 αἰδέσεως
288 933 544 973 interfectori
566 933 818 987 impositam.
862 932 973 972 Huic
995 937 1043 972 ut
1063 928 1104 971 111
1127 930 1266 984 patria
1287 943 1455 969 manere
1476 928 1600 967 liceat

83 1003 249 1029 neeesse
289 994 353 1030 est
391 989 624 1030 αἰδέσασθαι
663 990 930 1045 propinquos,
968 988 1038 1042 qui
1079 992 1222 1028 tamen
1263 988 1412 1026 αἵδεσιν
1445 998 1599 1038 negare

84 1059 258 1099 eumque
293 1046 348 1086 ad
383 1047 688 1097 ἀπενιαυτισμδν
721 1061 867 1099 cogere
903 1049 1091 1099 possunt.
1154 1044 1259 1083 Post
1295 1040 1600 1091 ἀπενιαυτισμὸν

83 1116 180 1142 vero
208 1106 533 1142 consentaneum
558 1107 621 1142 est
650 1098 831 1143 reditum
852 1103 893 1142 in
924 1101 1105 1156 patriam
1125 1105 1253 1154 atque
1282 1101 1433 1138 αἵδεσιν
1455 1097 1600 1150 negari

83 1172 110 1198 a
139 1158 382 1212 propinquis
413 1173 496 1198 non
526 1159 704 1211 amplius
735 1159 934 1213 potuisse,
964 1158 1116 1212 quippe
1145 1171 1271 1210 (11111111
1303 1154 1382 1207 legi
1414 1153 1600 1193 satisfac-

84 1218 175 1254 tum
211 1220 332 1255 esset.
404 1215 550 1269 Neque
586 1216 758 1256 obstant
793 1215 888 1255 huic
926 1214 1157 1254 sententiae
1191 1213 1318 1252 verba
1352 1210 1453 1265 legis
1487 1210 1600 1263 apud

85 1270 302 1311 Demosth.
327 1271 370 1310 in
396 1271 602 1311 Aristocr.
624 1287 665 1325 p.
691 1274 785 1323 644.
815 1273 977 1323 φεύγειν
1005 1272 1075 1313 ἕως
1104 1270 1152 1310 ἂν
1181 1269 1386 1318 αἰδέσηταί
1410 1284 1496 1306 τινα
1523 1270 1600 1305 τῶν

86 1329 128 1367 ἐν
155 1327 262 1379 γένει
287 1331 353 1367 τοῦ
379 1330 634 1376 πεπονθότος,
661 1328 695 1367 si
724 1333 888 1368 statuas
915 1328 1090 1381 aliquem
1116 1326 1266 1365 110111111
1294 1323 1385 1377 cogi
1413 1322 1601 1376 potuisse

84 1387 133 1424 ut
161 1384 345 1426 αἰδέσεως
365 1384 493 1424 ritum
520 1383 750 1438 perficeret.
816 1383 1033 1424 Sententia
1055 1382 1183 1436 igitur
1204 1381 1304 1435 legis
1326 1381 1427 1420 haee
1453 1383 1529 1427 est,
1552 1383 1601 1419 ut

86 1442 235 1480 αἵδεσιν
255 1446 354 1481 ante
379 1440 521 1494 perfici
541 1441 691 1494 jubeat
713 1455 838 1494 quam
859 1440 925 1480 ille
953 1440 994 1479 in
1015 1439 1196 1493 patriam
1223 1441 1472 1477 revertatur.
1537 1435 1601 1475 De

86 1497 319 1536 αἰδέσασθαι
348 1497 475 1537 verbo
506 1499 556 1537 ef.
581 1500 677 1538 Ast.
704 1498 758 1537 ad
791 1497 957 1537 Platon.
986 1496 1083 1547 Leg.
1109 1508 1147 1545 9.
1181 1509 1220 1548 p.
1245 1495 1321 1546 877
1348 1493 1402 1533 A.
1438 1492 1530 1545 (vol.
1563 1505 1600 1533 2.

84 1567 124 1607 p.
145 1553 227 1604 448
251 1556 359 1606 sqq.)
382 1557 425 1593 et
453 1553 503 1593 de
528 1553 613 1593 ritu
639 1553 826 1593 Mueller.
850 1553 903 1593 ad
926 1548 1122 1606 Aescliyli
1145 1551 1266 1590 Eum.
1291 1565 1332 1603 p.
1354 1562 1446 1600 144.
1501 1548 1601 1587 Per-

84 1608 222 1649 t-inent
249 1609 328 1648 11110
356 1611 403 1649 τὰ
431 1611 641 1660 ὑποφόνια,
666 1624 842 1663 quorum
863 1608 1182 1663 Harpocration
1209 1605 1397 1646 meminit
1426 1609 1469 1644 et
1495 1619 1601 1658 quae

85 1665 187 1705 data
207 1679 295 1705 esse
317 1665 377 1706 ait
399 1665 642 1720 propinquis
666 1667 728 1706 ἐπὶ
749 1669 800 1720 τῷ
824 1667 875 1716 μὴ
897 1666 1178 1718 ἐπεξέρχεσθαι
1201 1665 1295 1714 μηδὲ
1318 1662 1506 1713 γενέσθαι
1531 1660 1601 1710 τὴν

86 1725 151 1761 τοῦ
192 1723 316 1773 φόνου
357 1723 477 1773 δίκην.
531 1722 593 1762 Cf.
633 1722 764 1762 Bekk.
805 1722 965 1762 Anecd.
1003 1737 1043 1775 p.
1070 1733 1166 1774 313.
1210 1717 1600 1760 SCHOEMANN.

84 1777 233 1831 Antiq.
261 1778 376 1832 publ.
405 1793 445 1832 p.
472 1779 566 1833 298.
630 1778 955 1833 Harpocration,
988 1778 1236 1824 αἰδέσασθαι,
1268 1776 1353 1815 ἀντὶ
1385 1778 1452 1814 τοῦ
1487 1790 1601 1824 μετα-

84 1837 301 1884 πεισθῆναι.
362 1836 512 1876 Λυσίας
540 1837 582 1875 ἐν
609 1838 659 1889 τῷ
690 1837 786 1875 κατὰ
811 1834 1090 1885 Δημοσθένους
1119 1835 1336 1883 ἐπιτροπῆς,
1366 1832 1399 1870 εἰ
1425 1830 1598 1881 γνήσιος.

86 1891 147 1930 καὶ
169 1890 425 1941 Δημοσθένης
453 1892 496 1930 ἐν
523 1892 568 1940 τῇ
593 1891 690 1942 πρὸς
716 1892 978 1942 Ναυσίμαχον
1009 1890 1070 1929 καὶ
1100 1889 1318 1936 Ξενοπείθη
1343 1888 1398 1939 (1).
1422 1899 1516 1939 991,
1539 1887 1597 1937 4.)

87 1947 130 1986 ἐν
151 1948 192 1985 δὲ
213 1949 264 1999 τῷ
287 1945 364 1986 κατ’
387 1946 706 1997 Ἀριστοκράτους
730 1948 787 1999 (p.
811 1948 909 1997 644,
930 1946 986 1997 1.)
1011 1946 1119 1986 οὗτος
1145 1944 1230 1983 ἀντὶ
1251 1946 1318 1982 τοῦ
1340 1941 1602 1991 ἐξιλάσασθαι

86 2003 149 2042 καὶ
177 2006 322 2042 πεῖσαι.
372 2001 607 2056 Hesychius
636 2017 667 2041 s.
691 2003 836 2042 eodem
863 2017 900 2041 v.
930 2001 974 2041 τὸ
1003 2002 1144 2053 ἔνοχον
1172 2001 1266 2040 ὄντα
1295 1999 1404 2052 φόνῳ
1433 1997 1600 2052 ἀκουσίῳ

87 2058 149 2097 καὶ
178 2059 523 2109 πεφυγαδευμένον
559 2059 622 2110 ἐφ’
651 2059 850 2112 ὡρισμένῳ
886 2060 1014 2111 χρόνῳ
1049 2056 1175 2109 (adde
1210 2056 1297 2097 τοὺς
1330 2053 1600 2106 προσήκοντας·

85 2128 179 2153 cum
217 2114 446 2167 Scaligero)
481 2117 548 2154 τοῦ
577 2117 894 2165 τετελευτηκότος
929 2113 1191 2163 ἐξιλάσασθαι
1222 2113 1271 2154 ὡς
1301 2112 1493 2162 εἰληφότα
1529 2110 1599 2160 ἤδη

86 2171 280 2221 τιμωρίαν.
340 2170 514 2210 Brevius
533 2185 708 2226 gramm.
731 2171 773 2210 in
795 2171 928 2210 Bekk.
951 2169 1111 2210 Aneed.
1135 2184 1175 2222 p.
1198 2181 1282 2222 354
1303 2172 1410 2207 extr.

146 2229 265 2278 1069,
287 2239 327 2277 4.
365 2227 523 2275 πάντας,
557 2227 579 2277 ἦ
616 2227 685 2267 τὸν
718 2229 919 2267 κωλύοντα
952 2227 1119 2278 κρατεῖν]
1155 2226 1315 2271 πάντας,
1348 2222 1507 2263 seilicet
1541 2225 1602 2262 δεῖ

87 2282 328 2322 αἰδέσασθαι.
369 2297 498 2323 omnes
526 2283 613 2324 illos
640 2288 785 2337 oportet
813 2282 1087 2323 consentirem
1110 2281 1269 2335 gyratio&
1289 2294 1375 2320 cum
1399 2278 1602 2320 homicida

86 2338 450 2379 reconciliationem.
485 2340 686 2379 REISK.

145 2396 213 2434 ἐὰν
238 2396 279 2434 δὲ
304 2397 449 2435 τούτων
475 2397 606 2446 μηδεὶς
628 2395 670 2451 ᾗ]
699 2395 884 2436 Subaudi
914 2398 956 2436 ἐν
979 2399 1059 2437 τοῖς
1085 2399 1201 2443 ζῶσιν
1228 2393 1250 2444 ἢ
1279 2396 1459 2445 παροῦσι,
1482 2394 1598 2446 παρῇ,

86 2450 250 2505 ὑπάρχῃ.
313 2451 362 2491 Si
382 2465 488 2491 nemo
509 2452 645 2492 Ῐιονιιῃι-
667 2452 773 2492 adsit
797 2452 859 2492 vel
878 2451 1058 2505 supersit.
1094 2451 1296 2490 REISK.

148 2510 266 2559 1069,
288 2519 326 2560 5.
350 2509 387 2546 οἱ
406 2508 660 2562 πεντήκοντα]
685 2507 799 2548 Α111)1
821 2508 870 2549 fit
894 2509 1051 2548 mentio
1073 2507 1350 2561 magistratus
1372 2509 1448 2544 τῶν
1468 2520 1599 2544 τεττα-

86 2561 266 2612 ράκοντα.
327 2563 389 2603 At
416 2563 459 2603 in
485 2569 732 2619 argumento
764 2565 1078 2605 Androtioneae
1107 2563 1289 2603 incertus
1316 2561 1442 2601 fuisse
1468 2561 1600 2600 Areo-

87 2617 324 2671 pagitarum
344 2633 539 2660 numerus
560 2620 755 2661 traditur.
787 2620 978 2661 WOLF.

146 2674 206 2713 καὶ
238 2675 310 2729 εἷς]
340 2676 511 2716 Correxi
539 2690 630 2716 meo
653 2676 810 2730 judicio
842 2678 904 2716 καὶ
935 2678 998 2726 εἷς,
1027 2675 1050 2726 ἢ
1077 2677 1114 2716 οἱ
1140 2675 1288 2726 ἐφέται.
1353 2672 1461 2712 Sunt
1492 2671 1602 2711 enim

86 2728 210 2769 iidem
231 2732 268 2770 οἱ
292 2731 530 2781 πεντήκοντα
552 2733 613 2772 καὶ
641 2734 695 2775 εἷς
723 2737 765 2773 et
794 2735 831 2773 οἱ
858 2733 1005 2784 ἐφέται.
1068 2729 1311 2770 Posteriora
1330 2729 1433 2768 haee
1455 2727 1602 2768 addita

86 2789 185 2825 sunt
212 2785 570 2840 interpretationis
598 2802 696 2842 ergo
723 2788 816 2842 legi,
839 2789 922 2828 sive
949 2789 1004 2829 ab
1032 2787 1121 2841 ipso
1143 2785 1441 2832 Demosthene,
1465 2782 1547 2823 sive
1575 2798 1602 2824 a

88 2840 310 2882 scholiasta
339 2843 518 2896 quodam
537 2860 545 2883 :
578 2859 675 2884 nam
695 2844 738 2884 in
765 2845 854 2899 lege
875 2845 966 2898 ipsa
986 2844 1113 2883 verba
1134 2843 1237 2882 haee
1263 2839 1463 2881 scholium
1483 2839 1603 2879 redo-

87 2895 228 2967 lentia,
250 2895 272 2968 ᾗ
294 2899 330 2937 οἱ
352 2898 498 2949 ἐφέται,
521 2900 712 2952 primitus
733 2915 816 2941 non
837 2901 1017 2940 fuerunt.
1050 2899 1250 2939 REIsK.
1310 2895 1452 2935 Delevi
1474 2896 1602 2936 verba-

87 2954 110 3000 ὴ
132 2969 168 2992 οι
189 2958 338 3004 εφεται.
