1935 3200
283 144 391 186 1306
634 144 954 185 ADVERSUS
988 145 1433 187 NICOSTRATUM.

280 248 506 303 Euripidis,
537 250 588 298 de
619 263 700 303 qua
731 264 767 289 v
802 249 927 289 schol.
967 249 1209 290 Aristotelis
1235 250 1359 290 Rhet.
1385 263 1420 298 2,
1443 252 1480 290 6.
1501 250 1575 303 (ad
1600 265 1640 304 p.
1667 252 1786 306 1384,
1825 250 1833 259 ’

284 307 346 345 16.
351 307 368 357 )
397 305 558 358 Olymp.
585 316 675 358 107,
703 319 736 353 1,
769 305 925 346 factam
954 305 1083 345 refert
1116 306 1230 360 Dio)
1233 306 1369 346 senius
1394 306 1435 345 in
1463 306 1788 347 Zimmermanni

280 361 761 415 Ε1111011101·1(1.11.1839.
793 362 1126 414 11.931.,1111(10
1116 376 1202 415 lpse
1236 366 1278 401 et
1307 362 1594 402 Boehneckius
1617 362 1787 413 Quaest.

279 417 356 456 vol.
387 430 417 456 1.
441 432 480 470 p.
507 418 600 470 675.
624 417 822 470 colligunt
843 416 1075 457 orationem
1105 418 1211 458 hanc
1232 418 1551 472 brexitempore
1581 423 1678 472 post
1699 433 1788 459 esse

278 473 479 521 habitam
516 477 570 521 et,
604 477 652 512 ut
688 472 952 512 Boehneckio
984 473 1158 522 videtur,
1193 478 1292 514 ante
1325 473 1487 527 Olymp.
1515 488 1606 525 107,
1631 488 1668 529 3.
1707 490 1788 528 (1110

280 528 560 582 Apollodoms
591 533 761 569 senator
786 529 921 569 factus
954 543 1029 583 rog
1031 529 1214 569 ationem
1243 530 1294 569 de
1321 529 1515 569 theoricis
1553 530 1710 580 tulerit,
1737 531 1788 571 de

280 599 361 637 qua
382 599 418 624 v.
440 585 493 624 ad
515 599 574 624 or.
597 599 631 625 c
658 596 673 624 1
683 585 805 625 eaer.
828 600 866 638 p.
893 562 1026 655 ¹346?
1035 596 1096 637 17.
1120 591 1162 626 et
1184 586 1418 626 Boehneck.
1440 601 1479 638 p.
1502 596 1548 638 17
1554 595 1593 640 5
1616 587 1705 640 183.

345 652 460 693 1247,
483 655 545 680 10.
570 642 722 694 τούτου]
752 641 802 680 Id
822 645 887 680 est
909 645 974 680 τοῦ
997 642 1245 693 ἐγχεομένου.
1285 641 1483 681 REISK.

340 707 461 748 1247,
486 709 550 736 21.
594 698 873 746 ἐπιμεληθῆναι
907 697 967 736 καὶ
1000 700 1205 749 διοικῆσαι]
1245 698 1492 752 Junguntur
1526 697 1653 738 etiam
1692 713 1789 738 mox

279 767 317 805 p.
342 754 461 803 1248,
482 765 518 792 2.
552 752 802 793 SCHAEF.

342 808 459 858 1248,
485 821 551 861 23.
588 811 646 848 ὅτι
682 808 996 858 ἓξ-λελυμέινος
1032 811 1104 860 εἴη]
1144 809 1380 848 Robustum
1413 809 1508 849 hinc
1542 809 1788 850 nebulonem

277 864 401 904 fuisse
421 869 598 918 apparet
620 865 907 904 Nicostratum
938 865 1076 905 istum.
1103 865 1292 905 WOLF.
1358 866 1452 904 Hoc
1484 880 1566 904 non
1597 871 1787 919 apparet.

280 920 359 970 Qui
381 925 579 974 ceperant
600 926 768 960 tantum
789 920 1057 960 redemtionis
1088 921 1268 975 pretium
1290 926 1531 975 exegerunt,
1556 922 1666 975 quod
1687 922 1788 962 civis

278 981 388 1016 esset
409 976 512 1016 satis
534 977 766 1030 opulentus
801 976 1051 1017 SGHAEF.

339 1033 459 1084 1248,
484 1034 549 1074 28.
574 1032 890 1087 ἐὰν-ἐθελήσῃ]
927 1033 1120 1073 Scomma
1141 1038 1217 1081 est,
1242 1047 1324 1086 quo
1350 1033 1386 1072 ei
1418 1033 1661 1073 servitutem
1683 1033 1786 1087 obji-

278 1087 337 1128 cit
359 1092 560 1142 tanquam
583 1088 801 1142 mancipio.
836 1089 1026 1128 WOLF.

339 1157 458 1197 1249,
482 1158 542 1184 10.
568 1144 769 1198 Θεοκλέα]
810 1144 978 1183 Mireris
1000 1159 1081 1183 non
1103 1144 1304 1197 scriptum
1326 1158 1377 1183 ex
1398 1144 1643 1184 Atticorum
1673 1160 1788 1186 more

280 1201 475 1239 Θουκλέα.
520 1200 769 1240 SCHAEF.

341 1268 543 1307 2149,12.
567 1256 679 1308 ὄντα]
731 1255 878 1295 Malim
903 1257 1103 1318 tepidum.
1145 1255 1300 1308 reliqua
1319 1256 1452 1308 fiala,
1479 1255 1658 1309 reliquis,
1682 1271 1788 1310 quae

277 1326 303 1351 11
324 1316 445 1364 patre
465 1311 611 1351 relicta
632 1311 882 1359 habuissem,
901 1311 942 1349 111
964 1310 1787 1364 1011111111511111115.11ΕΙ8Κ.1101511105

279 1367 311 1406 si
335 1367 415 1406 vim
437 1367 634 1420 simplitis
665 1367 767 1407 satis
797 1372 1060 1421 perSpectam
1086 1367 1313 1415 habuisset,
1335 1381 1417 1406 11011
1446 1368 1658 1408 maluisset
1680 1384 1787 1408 com-

278 1423 472 1476 positum.
516 1426 564 1463 τὰ
587 1425 627 1463 ἐκ
648 1428 724 1463 τῶν
744 1423 931 1477 πατρῴων
953 1425 996 1463 ὅι
1000 1441 1047 1463 τα
1068 1423 1158 1476 pius
1179 1423 1286 1462 filius
1308 1438 1329 1462 0
1349 1424 1539 1463 manibus
1564 1439 1647 1463 non
1668 1425 1788 1466 facile

278 1479 460 1519 emittit:
504 1484 551 1519 ut
583 1479 709 1519 etiam
745 1480 822 1519 hoc
858 1479 911 1519 sit
948 1479 1111 1532 signum
1147 1494 1330 1519 summae
1365 1494 1464 1533 erga
1500 1479 1788 1521 Nicostratum

279 1535 603 1583 benevolentiae,
637 1536 747 1588 quod
782 1540 873 1575 tuln
908 1550 1005 1575 cara
1040 1535 1262 1575 memoriae
1298 1536 1430 1588 patris
1467 1536 1646 1590 pignora
1679 1537 1787 1577 illius

278 1591 402 1631 saluti
424 1592 659 1632 condonare
680 1606 762 1631 non
784 1591 1051 1632 dubitaverit.
1097 1591 1347 1631 SCHAEF.

340 1660 459 1699 1249,
480 1661 541 1701 13.
564 1647 788 1700 δεδωκέναι]
826 1647 992 1687 Scilicet
1013 1648 1172 1698 δωρεάν.
1217 1647 1463 1687 SUHAEF.

340 1717 355 1742 Ι
367 1715 462 1755 249,
478 1716 542 1757 23.
559 1705 880 1756 ἐνοφειλόμενον]
907 1704 982 1743 Ῑ.0.
998 1705 1260 1754 ὀφειλόμενον
1279 1705 1321 1743 ἐν
1334 1705 1384 1757 τῷ
1401 1705 1542 1758 χωρίῳ.
1575 1704 1788 1745 SCHAE-

340 1828 461 1869 1249,
480 1817 544 1856 26.
569 1817 636 1857 τὰς
656 1816 789 1867 χιλίας
809 1815 1001 1869 δραχμὰς]
1032 1816 1095 1855 De
1116 1816 1195 1856 hoc
1215 1815 1483 1856 attractionis
1503 1830 1655 1870 genere
1672 1831 1709 1856 v.
1733 1817 1787 1857 ad

278 1887 317 1925 p.
340 1875 438 1922 462,
457 1874 520 1911 18.
545 1883 641 1924 572,
660 1874 697 1911 6.
724 1885 901 1923 794,11.
947 1873 1201 1913 SCHAEF.

344 1940 459 1980 1250,
482 1941 541 1967 10.
567 1927 751 1981 δύνασαι]
785 1929 949 1978 δύναμαι
975 1934 1185 1968 correctus
1207 1943 1239 1968 r.
1290 1928 1531 1968 Videndum
1560 1942 1612 1967 ne
1643 1932 1788 1968 orator

279 1983 514 2037 scripserit:
559 1984 690 2032 ἐπειδὴ
726 1984 870 2023 δ’-οὐ
904 1986 1099 2033 δύναμαι
1135 1986 1293 2035 πορίσαι
1329 1985 1480 2024 ἅπαντα
1516 1986 1562 2023 τὰ
1595 1983 1786 2036 χρήματα,

279 2041 462 2090 ἀργύριον
492 2038 712 2091 γὰρ-οὐδ’
736 2040 862 2086 αὐτὸς,
894 2044 969 2079 τῶν
1001 2040 1199 2090 κτημάτων
1222 2059 1254 2080 κ.
1277 2057 1309 2080 τ.
1338 2045 1376 2079 λ.
1437 2040 1551 2079 Ante
1582 2045 1641 2092 (p.
1668 2051 1787 2092 1249,

281 2096 367 2147 25.)
386 2095 549 2135 dixerat
572 2095 861 2135 Nicostratus:
895 2097 1060 2146 πόρισον
1080 2096 1122 2135 τὸ
1147 2098 1332 2136 ἐλλεῖπον
1354 2099 1420 2135 τοῦ
1442 2097 1635 2146 ἀργυρίου.
1685 2095 1786 2135 dam

279 2150 370 2190 vide
391 2151 491 2190 mihi
514 2165 639 2203 quam
660 2156 757 2204 apte
778 2151 833 2190 illi
857 2152 947 2191 loco
967 2152 1220 2205 respondeat
1243 2152 1475 2201 ἐπειδὴ-οὐ
1497 2152 1659 2200 δύναμαι
1681 2152 1786 2202 πορί-

280 2222 347 2245 σαι
362 2231 429 2246 --.
473 2207 720 2246 SUHAEF.

341 2274 459 2314 1250,
482 2274 543 2300 12.
567 2265 642 2300 τῶν
663 2263 704 2300 δὲ
727 2262 925 2311 κτημάτων
946 2279 1010 2301 σοι
1032 2266 1106 2301 τῶν
1129 2261 1306 2314 ἐμῶν-]
1340 2261 1658 2301 Emendandum
1675 2261 1785 2301 vide-

279 2321 373 2356 tur:
406 2321 482 2356 τῶν
503 2318 543 2356 δὲ
561 2317 758 2366 κτημάτων
775 2334 838 2356 σοι
854 2321 930 2356 τῶν
947 2318 1048 2366 ἐμῶν
1065 2318 1217 2368 κίχρημι
1238 2318 1260 2355 ὅ
1280 2334 1313 2356 τι
1334 2319 1485 2366 βούλει·
1520 2318 1639 2356 ὥστε
1668 2317 1785 2357 θέντα

279 2376 346 2411 τοῦ
382 2373 584 2412 ἐπιλοίπου
618 2373 813 2424 ἀργυρίου,
843 2374 940 2412 ὅσον
973 2374 1078 2412 ἐνδεῖ
1110 2390 1184 2421 σοι,
1220 2373 1477 2412 ἐνιαυτὸν-.
1527 2373 1780 2413 SEAGER.

280 2428 397 2469 Diar.
425 2427 594 2469 Classic.
623 2429 688 2467 61.
715 2443 756 2481 p.
785 2430 852 2468 62.
919 2428 1012 2467 Νο11
1044 2443 1147 2483 011115
1182 2428 1280 2468 addi
1314 2429 1427 2468 ὥστε.
1479 2430 1632 2481 κίχρημι
1665 2428 1785 2469 θέντα

278 2487 580 2536 χρῆσθαι-051,
604 2483 628 2523 1.
654 2499 690 2537 q.
720 2485 872 2536 κίχρημι
904 2487 1027 2523 θεῖναι
1065 2486 1125 2524 καὶ
1160 2487 1329 2536 χρῆσθαι
1342 2508 1409 2524 -.
1473 2484 1538 2524 De
1558 2500 1596 2524 v.
1629 2486 1784 2537 κίχρημι

279 2554 316 2580 V.
337 2544 424 2580 not.
447 2540 501 2580 ad
521 2555 560 2593 p.
579 2553 698 2593 1191,
722 2541 760 2579 6.
805 2541 1065 2579 SCHAEF.

337 2596 549 2650 κτημάτων]
584 2595 698 2636 Male
718 2595 787 2635 alii
813 2595 905 2635 libri
926 2595 1142 2647 χρημάτων.
1203 2596 1453 2650 Opponebat
1483 2595 1592 2636 enim
1613 2596 1783 2649 Apollo-

279 2652 405 2691 dorus
433 2651 596 2705 pignori
622 2666 698 2705 pro
720 2651 961 2691 Nicostrato
991 2666 1073 2691 non
1102 2656 1177 2691 τῶν
1197 2652 1402 2704 χρημάτων
1423 2651 1590 2706 aliquid,
1614 2652 1687 2692 sed
1708 2656 1784 2692 τῶν

281 2707 489 2757 κτημάτων,
508 2708 688 2755 (1011111111,
704 2707 814 2761 quod
834 2711 898 2747 est
920 2710 1050 2758 κτῆμα.
1094 2708 1372 2762 Supellectilia
1392 2713 1534 2748 autem
1554 2707 1784 2748 domestica

278 2767 376 2803 sunt
397 2763 586 2816 χρήματα.
630 2765 835 2804 REISK.

336 2819 708 2872 θέντα-ἀργυρίου]
744 2820 888 2860 τιθέναι
909 2836 943 2859 τι
964 2820 1158 2872 ἀργυρίου,
1174 2820 1390 2874 piynerare
1414 2819 1581 2873 aliquid,
1604 2825 1646 2859 ut
1662 2832 1782 2873 pecu-

277 2875 390 2915 niam
420 2881 596 2916 mutuam
626 2876 813 2929 accipias.
877 2876 980 2916 Mox
997 2887 1114 2927 v.17.
1140 2876 1402 2927 τίθημι-τὴν
1429 2877 1629 2916 συνοικίαν
1660 2875 1781 2915 ἑκκαί-
