1935 3200
300 124 412 162 1Q84
710 120 1031 160 ADVERSUS
1066 119 1408 159 POLYCLEM.

298 241 477 280 persona
509 225 769 276 δεὸιηκόι,·ηκα.
803 226 998 264 REISK.
1060 225 1113 264 V.
1151 224 1433 264 Buttmannus
1466 223 1697 262 Grammat.
1737 222 1812 260 Gr.

299 284 394 336 maj.
420 282 495 321 vol.
524 296 555 320 1.
586 297 623 335 p.
647 285 742 334 346.
777 282 1022 322 SGHAEF.
1089 281 1184 320 Alia
1215 280 1338 320 attuli
1369 280 1423 319 ad
1458 279 1660 332 Stephani
1691 278 1815 317 Thes,

302 354 332 377 s.
359 354 395 377 v.
422 342 636 377 Διακονέω.

364 395 483 440 1206,
510 405 574 432 21.
600 395 758 444 ἀληθὲς]
786 395 910 442 ἀληθῆ
934 394 974 432 S.
998 407 1030 431 r.
1063 392 1180 431 Conf.
1205 397 1348 431 annot.
1367 391 1458 431 crit.
1481 391 1536 430 ad
1558 406 1596 444 p.
1623 391 1687 439 87,
1720 403 1778 428 10.

367 461 484 498 1207,
509 451 547 488 6.
588 451 720 502 αὐτοῦ]
766 449 859 496 Hic,
897 448 1092 495 Athenis,
1128 448 1169 486 in
1205 448 1320 487 urbe.
1354 447 1546 486 REISK.
1609 447 1741 485 οὑτοσὶ
1777 447 1818 484 δὲ

304 507 421 546 αὐτοῦ
473 504 683 555 κατέμενεν
726 520 764 558 p.
802 507 920 555 1284,
954 511 1016 544 28.
1059 504 1473 553 αὐτοῦ-καθημένους
1524 518 1562 556 p.
1600 515 1717 556 1339,
1752 503 1815 540 28.

306 560 559 602 SOHAEF.

362 615 545 669 ἀκοῦσαι]
589 618 782 656 ἀκούσατε
826 616 1065 656 Lambinus.
1129 615 1364 655 Infinitivus
1405 615 1613 667 discrepat
1645 629 1669 653 a
1703 627 1820 667 supe-

305 673 496 719 rioribus,
525 673 798 722 ἀναμνήσθητε
827 678 870 712 et
904 673 1090 722 φράζετεε
1125 672 1274 724 quibus
1303 671 1334 710 si
1364 670 1657 711 convenienter
1685 669 1821 708 dicere

305 728 503 768 voluisset
543 733 698 775 orator,
737 728 911 768 dixisset
945 730 1151 768 ἀκούσατε,
1215 728 1297 767 Sed
1334 728 1439 766 bene
1476 727 1604 765 habet
1637 726 1817 779 vulgata.

308 784 475 824 Placuit
516 784 672 824 oratori
706 784 1057 824 constructionem
1094 783 1265 824 variare.
1310 783 1444 833 δέομαι
1475 788 1522 822 ut
1556 787 1696 835 potest
1730 795 1822 820 cum

307 840 554 894 imperativo
587 840 784 893 copulari,
817 841 875 879 sic
903 840 1003 879 item
1036 845 1175 893 potest
1205 845 1247 880 et
1277 840 1383 879 solet
1415 839 1542 878 etiam
1571 837 1701 892 magis
1730 852 1823 876 cum

309 896 513 936 infinitivo
534 896 731 950 copulari,
755 896 887 947 δέομαι
908 898 1013 943 ὑμῶν
1035 898 1201 935 ἀκοῦσαί
1220 913 1304 945 μου.
1368 895 1447 935 Vel
1476 894 1509 933 si
1532 894 1721 933 nolumus
1744 894 1822 932 huc

309 953 444 1002 δέομαι
485 966 689 998 revocare„
713 952 810 992 licet
838 952 1087 991 infinitivum
1116 952 1306 991 absolute
1335 951 1515 1005 positum
1546 965 1620 1003 pro
1649 950 1824 1003 impera-

309 1009 395 1049 tivo
417 1008 595 1048 habere:
631 1008 699 1061 qui
730 1023 819 1047 mos
847 1008 1051 1061 loquendi,
1081 1013 1127 1048 ut
1157 1008 1311 1047 scilicet
1338 1007 1564 1046 infinitivus
1596 1021 1670 1060 pro
1700 1007 1824 1059 impe-

309 1064 445 1104 rativo
479 1070 716 1117 usurpetur,
748 1065 917 1104 Graecis
949 1069 1012 1104 est
1043 1079 1242 1117 lss-erquam
1275 1063 1513 1103 familiaris:
1548 1068 1590 1102 et
1616 1068 1703 1102 tum
1731 1063 1825 1101 sub-

309 1120 482 1160 auditur
503 1124 571 1165 δεῖ,
602 1121 687 1172 χρὴ,
710 1121 922 1169 μέμνησθε,
946 1121 1008 1159 vel
1040 1120 1170 1160 simile
1193 1120 1288 1173 quid
1317 1135 1393 1173 pro
1415 1134 1459 1158 re
1481 1124 1595 1158 nata.
1632 1118 1822 1158 REISK.

312 1176 466 1216 Verius
487 1176 598 1221 illud.
623 1177 976 1216 constructionem
1000 1176 1205 1216 variatam
1227 1190 1327 1215 esse.
1364 1175 1610 1215 SOHAEF.

377 1243 492 1284 1207,
515 1243 550 1284 7.
573 1233 643 1284 οἷς]
672 1232 938 1272 Constructio
963 1233 1064 1272 hae<-
1088 1238 1174 1272 est:
1209 1234 1268 1271 καὶ
1291 1234 1352 1271 ἐπὶ
1374 1233 1518 1270 τούτων
1542 1230 1688 1284 ἑκάστῳ
1712 1247 1827 1280 παρε-

312 1288 481 1340 χομένου
505 1290 597 1337 ἐμοῦ
619 1290 775 1334 τούτοις,
800 1290 824 1328 ἃ
846 1289 893 1328 ἂν
913 1290 1034 1339 λέγω,
1052 1289 1138 1330 τοὺς
1160 1287 1309 1337 νόμους,
1327 1295 1360 1326 (η’
1380 1288 1420 1326 in
1443 1301 1668 1339 unoquoque
1684 1287 1827 1325 harum

312 1358 446 1384 rernm
468 1351 614 1397 puncto
635 1344 696 1383 vel
724 1345 894 1384 articulo
920 1346 1172 1396 confirmante
1200 1359 1269 1387 me.
1294 1358 1544 1397 qmwcunqne
1575 1343 1650 1389 αιό,
1683 1342 1829 1397 lectibus

312 1400 534 1452 afferendis.
569 1400 702 1440 111118
711 1401 762 1439 K.

381 1468 495 1505 1207,
528 1469 585 1494 11.
621 1458 681 1496 ἐπὶ
715 1456 907 1498 Μόλωνος
932 1456 1139 1510 ἄρχοντος]
1175 1456 1335 1509 (’)Ι)’11ηἰ.
1369 1470 1455 1507 104.
1479 1470 1516 1510 3.
1571 1455 1624 1494 V.
1650 1456 1827 1495 Olinton.

317 1513 435 1551 Fast.
461 1512 570 1552 llell.
596 1513 668 1551 vol.
697 1525 729 1552 2.
754 1528 793 1565 p.
819 1516 909 1552 118.

377 1580 496 1616 1207,
526 1581 586 1617 17.
629 1568 690 1607 ὑπ’
730 1568 1009 1622 Ἀλεξάνδρου]
1060 1570 1126 1607 ΑΙ)
1171 1569 1411 1608 Alexandro
1454 1569 1643 1607 Pheraeo
1711 1567 1827 1605 (iouf.

316 1639 357 1676 p.
382 1636 497 1676 1230,
525 1637 583 1677 15.

378 1692 496 1730 1207,
525 1682 583 1718 18.
610 1680 879 1734 Μιλτοκύθου]
906 1681 959 1720 V.
985 1682 1039 1721 {ld
1062 1697 1102 1734 p.
1123 1684 1217 1733 654,
1238 1693 1302 1734 29.

373 1736 608 1789 ἐπεπόμφει]
632 1736 798 1776 Scilicet
819 1738 913 1787 πρὸς
934 1738 1041 1785 ὑμᾶς.
1076 1737 1270 1776 REISK.

380 1803 496 1843 1207,
519 1804 583 1843 23.
607 1793 662 1831 ἔτι
685 1794 725 1831 δὲ
747 1797 823 1831 τῶν
845 1792 1095 1845 ἐμπόρωι’-]
1128 1794 1178 1831 V.
1202 1793 1253 1832 {ld
1276 1809 1315 1846 p.
1340 1794 1454 1846 1198,
1480 1806 1528 1832 10
1579 1792 1830 1831 SUI-[AER

379 1859 500 1899 1207,
526 1860 590 1901 25.
614 1852 688 1887 τῶν
711 1848 907 1901 ἐμπόρων]
934 1849 1097 1889 Scilicet
1119 1853 1194 1888 τῶν
1216 1850 1422 1900 ὑμετέρων.
1456 1849 1647 1888 REISK.

383 1915 498 1955 1207,
525 1907 588 1942 26.
632 1906 923 1955 Χαλκηδονίων]
970 1905 1054 1944 Alii
1095 1905 1188 1944 libri
1228 1906 1520 1957 Καλχηδονίων.
1576 1904 1630 1944 V.
1673 1903 1831 1943 Aneed.

320 1959 450 1998 Bekk.
473 1974 511 2012 p.
535 1971 655 2012 1207.
677 1961 783 1999 med.
808 1961 1003 2000 Dukerus
1024 1961 1077 2000 ad
1101 1961 1332 2015 Thucydid.
1357 1975 1395 2012 4,
1421 1972 1485 2015 75.
1509 1965 1614 2000 extr.
1638 1966 1680 2000 et
1708 1960 1834 1999 inter-

321 2019 428 2068 pret.
450 2015 503 2054 ad
528 2015 686 2055 Herod.
710 2031 747 2067 4,
772 2031 861 2068 144.
896 2017 1147 2057 SCHAEF.

382 2083 502 2123 1207,
524 2074 588 2111 28.
607 2072 1153 2125 αὐτῶν-συναγορευόντων]
1184 2073 1299 2124 Quae
1316 2087 1409 2113 cum
1429 2071 1630 2113 audiretis
1652 2086 1723 2111 vos
1747 2075 1835 2111 tam

319 2140 342 2165 e
374 2126 663 2166 Proconnesiis
686 2133 727 2167 et
753 2128 1015 2182 Miltocythis
1047 2129 1194 2183 legatis
1226 2129 1306 2169 ista
1328 2129 1369 2168 in
1394 2128 1589 2168 concione
1618 2127 1835 2167 orantibus

322 2196 447 2234 quam
466 2196 515 2221 ex
538 2197 680 2221 eorum
702 2184 928 2233 advocatis,
947 2184 1103 2224 civibus
1126 2185 1286 2231 vestris,
1310 2185 1483 2224 istorum
1506 2184 1739 2224 orationem
1760 2196 1834 2221 suo

323 2236 566 2277 testimonio
589 2240 945 2279 confirmantibus.
981 2240 1177 2279 REISK.

386 2294 504 2341 1208,
527 2305 565 2347 5.
599 2295 642 2333 τὸ
664 2295 795 2348 χῶμα]
828 2297 972 2346 ὕψωμα
992 2299 1073 2345 γῆς.
1136 2296 1215 2335 Est
1244 2296 1308 2335 hic
1336 2295 1412 2335 loci
1443 2294 1653 2348 proprium
1686 2308 1836 2333 nomen

321 2348 488 2402 abipsa
516 2363 560 2388 re
592 2357 786 2396 sumtum„
809 2356 863 2398 et,
891 2356 937 2390 ut
969 2351 1166 2390 Libanius
1194 2351 1255 2391 ait
1279 2356 1337 2405 (p.
1361 2353 1478 2398 1228,
1506 2352 1578 2401 2.),
1602 2352 1837 2400 οἰκοδόμημα

325 2406 369 2444 ἐν
405 2407 454 2457 τῷ
487 2404 614 2454 λιμένι
647 2406 977 2457 προβεβλημένον
1012 2408 1305 2458 προσορμίσεως
1339 2408 1463 2447 ἕνεκα.
1509 2408 1570 2446 ἐπὶ
1603 2408 1652 2459 τῷ
1688 2408 1837 2458 χώματι

326 2460 555 2508 καθέζεσθαι
584 2461 728 2502 solitos
748 2461 874 2501 fuisse
904 2462 1170 2508 trierarchos.
1195 2463 1263 2515 qui
1295 2463 1401 2502 affici
1434 2462 1592 2516 injuriis
1623 2466 1835 2515 putarent,

324 2529 376 2554 ex
397 2516 586 2556 oratione
604 2517 904 2571 Ctesiphontea
924 2519 1203 2572 cognovimus.
1227 2519 1279 2556 W
1285 2518 1412 2558 OLF.
1450 2520 1503 2558 V.
1523 2518 1683 2558 Anecd.
1702 2517 1830 2557 Bekk.

325 2586 364 2624 p.
384 2574 479 2625 316,
507 2583 567 2626 15.
603 2573 852 2614 SOHAEF.

389 2628 510 2675 1208,
536 2629 573 2667 8.
607 2630 650 2669 τὸ
677 2629 992 2681 Ἀριστοφῶντος
1022 2630 1227 2681 ψήφισμα]
1265 2631 1366 2670 This
1391 2630 1631 2684 expedition
1654 2643 1736 2669 was
1766 2642 1838 2667 un-

327 2685 563 2733 successful,
596 2686 677 2725 and
707 2700 790 2725 was
820 2686 1005 2725 followed
1031 2686 1085 2739 by
1112 2687 1399 2738 prosecutions
1432 2687 1477 2725 of
1497 2687 1570 2726 the
1597 2685 1836 2726 trierarchs.

328 2738 546 2780 Demosth.
572 2756 611 2794 p.
634 2754 753 2795 1230.
779 2743 843 2780 ὅτε
864 2742 908 2795 τῇ
932 2743 1126 2794 ναυμαχίᾳ
1154 2745 1197 2796 τῇ
1229 2743 1323 2793 πρὸς
1341 2741 1605 2793 Ἀλέξανδρον
1628 2741 1838 2790 ἐνικήθητε,

328 2795 415 2833 τότε
435 2800 511 2834 τῶν
532 2798 772 2849 τριηράρχων
793 2798 878 2838 τοὺς
892 2799 1179 2846 μεμισθωκότας
1199 2801 1268 2839 τὰς
1289 2798 1838 2849 τριηραρχίας-παρεδώκατε

328 2851 383 2890 εἷς
403 2850 445 2889 τὸ
470 2853 836 2903 δικαστήριον-καὶ
859 2855 1059 2903 κατηγόρει
1079 2855 1152 2902 μὲν
1167 2853 1428 2903 Ἀριστοφῶν,
1453 2853 1640 2900 ἐδικάζετε
1662 2851 1692 2891 δ’
1718 2853 1837 2901 ὑμεῖς.

330 2905 426 2945 The
456 2908 743 2959 prosecutions
775 2922 880 2948 were
913 2908 1073 2947 carried
1105 2923 1158 2947 on
1190 2908 1229 2947 in
1264 2909 1335 2949 the
1362 2923 1462 2962 year
1490 2909 1536 2948 of
1560 2907 1840 2960 Nicophemus
