1935 3200
308 134 418 172 1220
680 131 1005 172 ADVERSUS
1044 130 1432 171 LEOGHAREM.

307 238 410 278 teles
432 237 581 286 dictus,
603 236 645 276 ni
665 236 796 286 fallor,
818 250 894 290 pro
914 240 1035 289 patre
1057 235 1220 276 dicendi
1236 235 1349 275 haud
1365 238 1484 275 sueto
1500 247 1689 274 caussam
1709 233 1812 286 agit.

308 294 504 334 REISK.

369 350 490 398 1086,
518 362 579 400 14.
611 348 892 400 λουτροφόρος]
932 347 1082 387 Pollux
1105 348 1141 396 8,
1166 349 1232 387 66.
1258 352 1333 386 τῶν
1355 348 1395 386 δὲ
1417 346 1577 398 ἀγάμων
1597 346 1815 396 λουτροφό-

308 423 374 457 ρος
394 408 445 460 τῷ
465 405 632 456 μνήματι
661 406 848 456 ἐφίστατο
872 405 960 455 κόρη
982 405 1143 455 ἀγγεῖον
1165 404 1310 455 ἔχουσα
1329 403 1560 454 ὑδροφόρον,
1582 400 1604 451 ἦ
1625 403 1774 452 ὑδρίαν,
1793 399 1816 451 ἢ

309 463 494 513 πρόχουν,
517 460 539 511 ἢ
562 461 756 511 κρωσσόν,
777 459 799 510 ἢ
828 460 982 509 κάλπιν,
1006 459 1161 499 Scilicet
1193 461 1246 500 εἰς
1280 458 1442 507 ἔνδειξιν
1469 461 1536 497 τοῦ
1566 459 1623 497 ὅτι
1655 459 1818 498 ἄλουτος

310 520 358 557 τὰ
380 519 549 568 νυμφικὰ
580 518 641 556 καὶ
672 517 812 567 ἄγονος
837 517 981 563 ἄπεισι,
1010 520 1059 555 ut
1085 515 1144 555 ait
1170 514 1368 555 Eustath.
1390 514 1444 553 ad
1475 514 1599 553 Hom.
1632 528 1671 566 p.
1695 525 1815 566 1293.

312 573 367 612 V.
390 573 441 612 de
462 573 540 613 1100
561 587 674 612 more
698 572 870 611 Becker.
894 570 1069 612 Charicl.
1092 571 1169 610 vol.
1190 583 1226 611 2.
1248 586 1288 624 p.
1304 572 1388 621 460
1410 584 1527 622 seqq.

371 630 492 677 1086,
518 630 581 669 18.
621 627 1191 680 ἐνεβάτευσεν-εἶσποιηθείς]
1231 626 1309 677 Qui
1341 626 1451 665 inter
1482 625 1595 665 vivos
1626 624 1817 678 adoptati

312 689 445 733 erant,
468 685 591 725 sicuti
609 699 682 738 per
703 684 975 735 διαμαρτυρίαν
990 683 1164 723 aliorum
1186 683 1424 723 ἐπιδικασίας
1440 682 1682 721 submovere
1702 684 1818 734 pote-

310 746 421 789 rant,
443 741 503 781 ita
523 741 634 795 ipsos
656 740 743 779 sine
765 741 982 792 ἐπιδικασία
1002 753 1076 792 per
1098 740 1310 789 ἐμβατείαν
1331 737 1585 777 hereditates
1617 750 1818 790 occupare

311 797 497 851 potuisse
528 796 712 837 ostendit
742 796 807 836 hic
836 796 948 835 locus
980 794 1287 842 Demosthenis,
1309 799 1357 834 ut
1381 797 1523 833 monet
1545 793 1817 833 Schoemann.

311 854 366 893 ad
388 854 552 893 Isaeum
573 868 612 907 p.
629 867 725 907 409.

374 911 493 961 1087,
516 922 555 963 3.
585 911 713 962 χρόνῳ
736 908 765 948 δ’
788 909 1031 959 ὕστερον-ὁ
1052 910 1126 960 γὰρ
1148 906 1448 958 Λεωκράτης-]
1482 909 1561 946 τοῖς
1582 907 1819 956 γὰρ-δικα-

313 966 407 1005 σταί
425 970 522 1005 sunt
543 965 585 1004 in
605 964 845 1018 parenthesi
866 964 1016 1018 posita.
1078 964 1343 1016 Quapropter
1363 964 1437 1013 γὰρ
1457 976 1493 1001 v.
1516 974 1556 1014 5.
1578 960 1718 1000 malim
1747 960 1819 1000 ab·

312 1035 414 1061 esse.
479 1022 562 1061 Sed
593 1026 717 1061 erunt
752 1020 900 1074 quibus
933 1020 975 1059 id
1006 1019 1063 1059 ibi
1100 1020 1312 1073 eleganter
1346 1017 1579 1057 redundare
1614 1016 1818 1056 videatur.

313 1077 508 1117 REISK.
570 1077 663 1116 Non
697 1077 916 1125 redundat,
950 1076 1023 1115 sed
1055 1080 1118 1115 est
1151 1074 1433 1114 narrationem
1469 1077 1660 1126 coeptam
1692 1072 1819 1126 negli-

312 1133 480 1187 gentius
505 1132 800 1181 continuantis,
831 1132 900 1185 qui
931 1133 1057 1172 verba
1089 1134 1108 1171 ὁ
1139 1130 1609 1181 Λεωκράτης-10101100
1633 1143 1715 1168 11011
1737 1143 1819 1182 quo

313 1190 538 1242 oportebat
564 1189 619 1229 ad
646 1190 774 1242 χρόνῳ
806 1188 834 1228 δ’
864 1190 1028 1239 ὕστερον
1053 1188 1096 1227 οὐ
1127 1188 1277 1240 πολλῷ,
1309 1186 1381 1225 sed
1408 1185 1462 1225 ad
1491 1185 1716 1224 interserta
1739 1188 1820 1226 τοῖς

313 1246 636 1296 γὰρ-δικασταί.
698 1244 842 1297 Neque
873 1258 967 1283 cum
991 1243 1148 1283 Wolfio
1176 1242 1408 1295 putandum
1439 1242 1489 1295 τῷ
1522 1241 1819 1294 ἀνανταποδότῳ

314 1301 488 1354 exprimi
509 1300 703 1341 affectum
725 1300 873 1340 soliciti
895 1299 1085 1339 hominis.
1120 1299 1378 1338 SCHAEF.

375 1357 499 1409 1087,
521 1359 558 1396 6.
592 1355 879 1409 ἐγκαταλιπὼν]
902 1355 996 1395 Non
1017 1355 1169 1395 licebat
1190 1354 1298 1394 enim
1320 1352 1516 1407 adoptivo
1538 1353 1579 1392 in
1600 1357 1821 1406 paternam

315 1427 432 1452 suam
471 1413 667 1453 familiam
702 1412 850 1460 redire,
886 1411 965 1451 nisi
993 1411 1077 1451 filio
1107 1411 1149 1450 in
1176 1409 1374 1464 adoptiva
1404 1410 1526 1448 domo
1558 1409 1713 1449 relicto.
1766 1408 1820 1448 V.

316 1469 590 1509 Schoemann.
613 1469 762 1522 Antiq.
785 1468 896 1522 publ.
918 1483 956 1521 p.
977 1481 1067 1520 194.
1091 1472 1133 1507 et
1154 1467 1203 1507 cf.
1225 1482 1266 1520 p.
1287 1479 1406 1518 1099,
1430 1478 1491 1517 17.

376 1526 496 1578 1087,
521 1538 581 1577 15.
604 1525 784 1577 γνήσιον]
820 1525 936 1565 Conf.
961 1538 1000 1577 p.
1020 1537 1137 1577 1093,
1160 1534 1222 1576 17.
1254 1535 1373 1574 1094,
1396 1523 1458 1561 16.

377 1582 496 1631 1087,
521 1594 585 1634 23.
609 1580 1005 1632 κάκείνην-ταύτην]
1045 1580 1222 1628 κάκείνην
1243 1578 1353 1618 redit
1380 1578 1434 1618 ad
1464 1578 1711 1631 proximum,
1733 1577 1822 1616 loco

316 1637 536 1691 posterius,
559 1641 779 1690 paternam
801 1637 980 1684 domum,
1003 1637 1144 1685 ταύτην
1164 1639 1305 1674 autem
1326 1634 1377 1673 ad
1410 1634 1622 1681 remotius,
1646 1633 1822 1672 Archia-

318 1694 396 1733 dae
416 1692 744 1733 haereditatem:
776 1693 914 1745 paullo
937 1691 1102 1744 quidem
1124 1690 1296 1731 alienius
1317 1705 1343 1729 a
1363 1704 1477 1729 more
1494 1690 1667 1744 vulgari,
1689 1702 1823 1742 neque

318 1753 460 1789 tamen
483 1749 570 1788 sine
591 1748 787 1801 exemplis
808 1747 906 1788 alibi
927 1747 1228 1800 prostantibus.
1271 1746 1472 1785 REISK.

378 1806 498 1853 1088,
520 1815 559 1857 5.
580 1805 684 1857 υἱὸν]
725 1803 891 1843 Scilicet
914 1803 1180 1843 Leocharem.
1222 1802 1424 1841 REISK.

379 1862 499 1909 1088,
525 1871 560 1912 7.
584 1859 710 1913 γένει]
746 1859 893 1900 Malim
913 1861 1030 1912 γόνῳ.
1090 1858 1264 1898 Diversa
1296 1857 1405 1897 enim
1435 1861 1543 1905 sunt,
1566 1856 1608 1895 in
1636 1870 1824 1897 sermone

318 1916 397 1956 fori
420 1916 556 1956 Attici
577 1915 754 1970 quidem,
777 1915 889 1967 γένος
918 1920 962 1955 et
991 1916 1119 1966 γόνος.
1165 1914 1220 1954 V.
1242 1928 1281 1967 p.
1306 1926 1424 1966 1090,
1450 1915 1513 1953 26.
1536 1912 1707 1965 aliisque
1736 1912 1824 1952 inu-

319 1973 445 2012 meris
465 1972 505 2011 in
527 1972 639 2012 locis.
671 1972 875 2011 REISK.
932 1971 1039 2022 γένει
1060 1985 1143 2009 11011
1163 1974 1333 2009 mutem.
1366 1971 1401 2009 οἱ
1421 1968 1528 2020 γένει
1548 1972 1704 2008 πολῖται
1725 1973 1768 2009 et
1790 1970 1826 2008 οἳ

320 2029 470 2077 ποιητοὶ
500 2028 610 2067 inter
639 2042 682 2067 se
708 2031 975 2080 opponuntur
994 2042 1033 2080 p.
1056 2039 1174 2080 1125,
1197 2038 1236 2079 5.
1283 2025 1337 2065 V.
1362 2025 1453 2065 Ind.
1479 2024 1710 2065 Graecitat.
1733 2039 1764 2064 s.
1786 2039 1824 2065 v.

320 2085 446 2136 γένος.
490 2085 749 2123 SCHAEF.

383 2140 502 2187 1088,
528 2152 591 2193 23.
623 2144 698 2179 τῶν
720 2140 868 2190 ἀνδρῶν
889 2143 965 2178 τῶν
985 2137 1275 2189 ποιησαμένων]
1314 2136 1554 2176 Archiadae
1582 2140 1625 2175 et
1646 2136 1825 2176 Leocra-

312 2192 376 2235 ⁰tis
406 2194 561 2247 patris:
596 2195 673 2235 etsi
703 2199 893 2234 mortuus
923 2194 988 2233 ille
1019 2195 1105 2246 οὐχὶ
1135 2195 1206 2244 μὲν
1229 2193 1451 2242 ἐποιήσατο,
1474 2191 1683 2240 ποιηθέντα
1711 2191 1740 2231 δ’
1759 2193 1827 2232 οὐκ

320 2250 523 2300 ἐξέβαλεν,
557 2250 750 2289 WOLF.

388 2308 502 2358 1089,
533 2317 570 2357 7.
607 2306 820 2357 διοικεῖται]
860 2304 1054 2344 Versutis
1090 2303 1273 2357 strophis
1313 2302 1575 2343 machinatur
1614 2303 1824 2356 perficere,

321 2361 559 2409 calliditate,
589 2361 937 2413 corriqitionibus,
969 2359 1105 2413 gratia
1134 2359 1306 2411 aliisque
1336 2373 1515 2412 nequam
1545 2359 1709 2398 actibus
1739 2373 1827 2399 rem

321 2417 443 2472 gerit.
482 2417 536 2456 V.
558 2431 599 2470 p.
623 2430 740 2469 109ι,
765 2428 802 2467 7.
829 2429 947 2467 1092,
969 2429 1008 2468 5.
1035 2428 1099 2456 21.
1142 2416 1342 2454 REISK.

385 2473 504 2525 1089,
535 2485 599 2526 29.
620 2471 796 2512 Ὁ-τοῦ
826 2471 1049 2522 πράγματος
1082 2471 1219 2523 λόγος]
1258 2471 1465 2523 ΕιιῬοεῖίὶο
1499 2477 1670 2510 naturae
1704 2471 1827 2511 ratio-

323 2542 462 2569 numve
485 2528 543 2567 rei
564 2527 705 2567 Reisk.
729 2527 770 2566 in
794 2527 884 2566 Ind.
908 2526 1135 2567 Graecitat.
1160 2541 1191 2566 s.
1213 2541 1248 2565 v.
1270 2528 1402 2578 λόγος.
1454 2526 1509 2565 V.
1532 2527 1586 2566 ad
1606 2541 1646 2579 p.
1672 2528 1763 2576 281,
1788 2528 1825 2567 8.

325 2584 586 2626 SCHAEF.

387 2653 506 2692 1090,
530 2640 568 2679 8.
588 2638 859 2690 πορευομένων
879 2637 1196 2692 ἡμῶν-ἐξῆγεν]
1229 2638 1393 2678 Scilicet
1413 2639 1522 2688 ἡμᾶς.
1564 2637 1618 2677 V.
1642 2637 1689 2677 L.
1713 2637 1826 2677 Bosii

326 2696 470 2749 EllipS.
493 2710 532 2748 p.
553 2705 620 2747 50.
664 2695 923 2734 SCHAEF.

386 2764 506 2805 1090,
527 2763 589 2803 13.
613 2753 680 2789 τοῦ
701 2750 832 2802 ἔργου]
862 2748 1116 2788 Prohibendi
1138 2749 1292 2790 scilicet
1312 2764 1386 2790 nos
1409 2763 1570 2803 quoquc
1587 2749 1702 2801 justa
1724 2749 1825 2788 Leo-

327 2806 432 2847 crati
452 2806 601 2845 facere.
663 2805 942 2852 Leostratum⁷
963 2804 1117 2844 mortui
1140 2810 1304 2858 patrem
1324 2805 1571 2852 naturalem,
1587 2805 1702 2857 justa
1722 2804 1824 2844 cele-

326 2863 448 2902 brare
477 2876 554 2914 par
581 2866 694 2900 erat:
729 2861 802 2900 sed
829 2865 871 2900 et
901 2865 1089 2900 nostrum
1115 2861 1183 2914 jus
1214 2866 1304 2902 erat
1328 2876 1411 2902 una
1442 2860 1660 2901 celebrare.
1696 2860 1825 2900 SEA-

327 2917 458 2957 GER.
481 2917 598 2957 Diar.
621 2916 786 2958 Classic.
811 2918 876 2956 60.
899 2931 937 2969 p.
962 2917 1055 2956 266.
