1935 3200
302 131 412 170 1418
672 130 1070 171 DECLAMATIO
1102 130 1433 172 AMATORIA.

298 234 404 275 tioni
440 235 648 282 tribuisse,
679 249 786 289 quae
821 235 932 275 haud
968 235 1092 276 dubie
1128 240 1228 276 tunc
1265 237 1352 289 jam
1388 236 1543 275 dudum
1578 236 1620 275 in
1654 237 1806 277 Demo-

300 291 489 331 sthenica
516 296 685 344 recepta
714 296 817 339 erat,
841 306 923 331 non
949 297 1013 332 est
1038 292 1244 332 credibile.
1304 292 1333 331 J
1337 306 1404 332 am
1425 305 1521 332 vero
1545 293 1599 332 ad
1626 296 1805 346 tempus,

299 361 380 400 quo
401 347 480 387 iste
501 361 635 387 sermo
657 347 835 401 scriptus
862 361 951 388 esse
971 348 1174 396 videatur,
1198 347 1308 402 quod
1328 347 1495 397 attinet,
1516 362 1604 388 rem
1625 349 1805 397 conficit,

298 402 456 456 opinor,
486 403 600 442 locus
626 402 695 456 qui
726 403 879 457 legitur
907 419 946 457 p.
965 415 1097 458 1415:
1132 407 1165 444 εἰ
1196 407 1235 444 δὲ
1268 407 1327 444 δεῖ
1353 405 1404 454 μὴ
1435 406 1584 444 παλαιὰ
1613 405 1806 456 λέγοντας

298 459 524 510 διατρίβειν,
557 460 719 511 ἔχοντας
749 459 1036 512 ὑπογυωτέροις
1065 462 1350 512 παραδείγμασι
1381 463 1560 512 χρῆσθαι,
1590 464 1702 499 τοῦτο
1732 461 1805 510 μὲν

297 516 704 563 Τιμόθεον-τοῦτο
727 517 768 554 δὲ
788 515 1021 568 Ἀρχύταν
1049 535 1080 556 κ.
1103 534 1136 556 τ.
1158 522 1198 557 λ.
1252 516 1419 556 Scilicet
1439 520 1708 570 argumentor
1726 516 1806 556 hoc

299 570 436 610 modo.
496 571 769 611 Demostheni
800 572 987 612 fallacem
1017 572 1226 612 hominem
1253 572 1494 625 opusculum
1523 572 1624 611 illud
1655 586 1804 626 suppo-

297 625 427 666 suisse
462 641 544 666 non
580 632 645 667 est
679 627 887 667 credibile.
958 628 1007 667 In
1044 643 1168 682 quam
1202 628 1500 683 cogitationem
1534 628 1601 667 vix
1637 632 1806 682 poterat

296 682 446 736 aliquis
476 683 668 732 incidere,
691 684 788 736 quia
816 684 982 724 omnino
1008 685 1334 726 Demosthenem
1362 683 1563 724 eroticum
1592 683 1806 737 scripsisse

297 752 439 779 omnes
460 739 723 793 ignorabant,
746 754 879 794 neque
901 740 1000 794 quid
1027 746 1076 782 ut
1103 741 1305 781 scriberet
1331 740 1540 781 adducere
1565 755 1659 780 eum
1682 744 1804 793 potu-

298 794 378 835 erit
413 796 758 849 assequebantur.
825 796 1049 850 Dionysius
1082 797 1220 845 etiam,
1248 797 1316 851 qui
1347 812 1386 837 a.
1407 799 1473 836 26.
1505 800 1604 836 ante
1635 796 1731 836 Chr.
1761 810 1803 836 n.

298 850 475 891 Romam
506 852 630 900 venit,
661 867 753 892 eum
790 853 905 893 novit
930 853 1109 906 quidem,
1145 854 1216 893 sed
1251 853 1293 893 in
1326 866 1483 893 canone
1514 851 1805 892 Alexandrino

299 907 409 947 inter
431 907 755 949 Demosthenica
777 923 858 948 non
879 909 1042 949 videtur
1062 910 1277 950 invenisse.
1340 910 1490 961 Itaque
1517 908 1692 948 fortuito
1723 908 1804 948 huc

296 962 478 1016 irrepsit.
540 964 674 1017 Atqui
706 965 819 1005 haud
851 966 983 1018 magis
1011 966 1227 1006 verisimile
1258 970 1322 1005 est
1352 964 1594 1019 posterioris
1620 964 1709 1004 aevi
1740 978 1803 1004 so-

295 1019 479 1072 phistam
511 1020 691 1073 priorem
718 1025 902 1061 aetatem
929 1026 1085 1062 temere
1115 1021 1361 1062 ementitum
1388 1034 1490 1068 esse,
1513 1034 1639 1073 quum
1664 1020 1805 1060 omnia

297 1075 517 1116 manifesto
536 1077 589 1116 ad
607 1082 767 1116 certum
784 1078 991 1131 quendam
1011 1078 1246 1118 referantur
1264 1077 1423 1131 sibique
1440 1080 1645 1116 constent.
1688 1076 1804 1130 Ergo

295 1144 378 1170 non
400 1131 678 1172 dubitandum
706 1133 805 1172 mihi
829 1147 917 1173 esse
939 1134 1043 1174 duco
1073 1134 1170 1187 quin
1201 1148 1283 1173 non
1316 1134 1447 1173 multo
1477 1137 1573 1186 post
1596 1132 1803 1172 Timothei

296 1191 424 1239 atque
442 1188 658 1241 Archytae
679 1193 869 1242 tempora
890 1190 994 1230 haec
1017 1190 1173 1243 scripta
1188 1189 1378 1229 videatur
1399 1187 1658 1228 declamatio.
1701 1188 1804 1228 For-

298 1243 421 1282 tassis
438 1243 546 1283 idem
563 1245 650 1297 ejus
667 1249 815 1284 auctor
832 1245 901 1298 qui
918 1246 1131 1300 epitaphii,
1148 1246 1259 1299 quod
1275 1245 1450 1299 conjecit
1463 1259 1499 1284 v.
1515 1244 1553 1284 d.
1570 1244 1612 1283 in
1628 1244 1801 1297 Ephem.

296 1298 468 1338 Jenens.
491 1314 527 1339 a.
548 1301 667 1339 1818.
696 1301 837 1355 Suppl.
869 1316 909 1354 p.
944 1315 1008 1354 27.
1079 1302 1238 1342 Eadem
1269 1301 1377 1342 enim
1413 1301 1453 1341 in
1485 1305 1662 1354 utroque
1699 1314 1804 1354 pene

297 1354 437 1404 dictio,
461 1356 631 1396 eaedem
651 1357 855 1411 argutiae.

358 1538 475 1575 1401,
505 1540 538 1566 1.
571 1526 702 1578 Ἀλλ’]
739 1526 880 1567 Reisk.
918 1527 958 1566 in
993 1527 1082 1567 Ind.
1113 1527 1343 1568 Graecitat.
1383 1527 1666 1581 “Usurpatur
1698 1529 1805 1567 ἀλλὰ

295 1581 414 1621 initio
436 1582 650 1630 orationis⁷
674 1597 806 1636 neque
827 1583 961 1637 colligi
987 1584 1082 1623 inde
1102 1588 1253 1637 potest,
1277 1583 1432 1637 aliquid
1455 1584 1634 1623 deesses*
1695 1583 1805 1624 Sane

295 1637 397 1678 nihil
417 1638 547 1678 deest.
593 1639 680 1679 Nec
702 1644 842 1679 tamen
864 1639 996 1693 ipsam
1018 1640 1250 1680 orationem
1272 1640 1311 1679 h.
1334 1640 1361 1679 l.
1384 1639 1558 1688 orditur,
1583 1639 1656 1679 sed
1676 1639 1803 1679 dialo-

293 1708 392 1746 gum
424 1694 656 1742 continuat,
682 1695 798 1748 cujus
829 1696 1122 1736 antecedentia
1149 1695 1341 1749 scriptor,
1362 1700 1410 1735 ut
1438 1695 1479 1734 in
1508 1695 1688 1736 mediam
1715 1709 1804 1735 rem

295 1763 370 1788 nos
401 1755 579 1804 raperet,
602 1755 801 1804 tanquam
825 1752 1110 1792 subaudienda
1130 1751 1308 1806 reliquit.
1363 1752 1475 1791 Vere
1498 1752 1804 1805 Hoogeveenus

295 1805 440 1845 Doctr.
471 1807 625 1846 Partic.
661 1807 705 1846 L.
737 1807 812 1847 Gr.
845 1808 923 1848 vol.
958 1822 991 1848 1.
1034 1823 1072 1862 p.
1101 1810 1188 1848 16.:
1235 1808 1351 1859 “Qui
1388 1808 1593 1861 colloquia
1625 1807 1803 1847 conscri-

294 1862 412 1909 bunt,
445 1868 623 1903 utuntur
654 1864 759 1903 ἀλλὰ
793 1865 1069 1909 ἀποστατικῶςἦ
1098 1864 1303 1918 fingentes
1338 1878 1381 1904 se
1416 1864 1457 1903 in
1493 1863 1650 1903 medios
1682 1864 1803 1904 collo-

294 1918 509 1970 quentium
531 1933 739 1959 sermones
763 1919 942 1960 incidere
959 1937 966 1960 :
998 1920 1039 1959 in
1058 1935 1139 1973 quo
1155 1934 1253 1960 casu
1271 1921 1377 1960 ἀλλὰ
1398 1920 1498 1959 nihil
1519 1921 1639 1974 plane
1659 1920 1802 1968 habet,

297 1988 377 2026 quo
408 1975 625 2021 referatur,
656 1975 733 2015 nisi
766 1976 1118 2016 comminiscimur
1148 1990 1253 2030 quae
1283 1977 1532 2030 praecedere
1562 1980 1802 2030 potuerunt,

294 2034 337 2069 et
357 2031 601 2084 multiplicia
622 2046 710 2071 csse
737 2033 948 2085 possuntff'
1011 2033 1163 2072 Similis
1193 2033 1316 2086 hujus
1341 2032 1570 2086 particulae
1602 2046 1714 2080 usus,
1735 2032 1803 2072 de-

296 2100 390 2125 cens
412 2086 477 2126 ille
498 2087 677 2126 vividum
698 2088 908 2142 ingenium
932 2089 1200 2137 Graecorum,
1225 2089 1548 2142 deprehenditur
1565 2088 1606 2127 in
1627 2088 1803 2128 aliorum

295 2142 475 2181 exordiis
497 2143 756 2196 scriptorum.
818 2144 930 2185 Cave
958 2145 1088 2199 igitur
1115 2145 1217 2185 talia
1242 2145 1399 2199 scripta
1426 2145 1582 2184 habeas
1612 2159 1688 2197 pro
1716 2145 1802 2184 ἀκε-

295 2197 449 2248 φάλοις.
485 2200 744 2239 SCHAEF.

359 2266 434 2303 140
448 2268 476 2301 Ι,
499 2267 537 2306 3.
571 2257 590 2293 ὁ
613 2255 679 2294 τὸν
699 2257 823 2306 λόγου
846 2255 983 2309 ποιῶν]
1015 2258 1034 2295 ὁ
1057 2260 1123 2295 τοῦ
1143 2258 1265 2307 λόγου
1287 2257 1454 2306 ποιητὴς,
1476 2256 1645 2309 scriptor
1665 2254 1800 2295 libelli.

299 2310 557 2348 SCHAEF.

356 2378 473 2415 1401.
505 2379 563 2417 ¹1³2·
598 2365 638 2420 ὃ]
668 2367 792 2420 Vulg.
825 2369 857 2406 ὁ.
910 2367 1017 2406 Dedi
1053 2367 1088 2414 ὃ,
1117 2372 1309 2406 neutrum
1343 2366 1505 2406 articuli
1537 2367 1801 2420 postpositivi

292 2435 367 2473 pro
388 2422 614 2462 masculino
637 2422 916 2476 praepositivi.
952 2424 1064 2473 Quod
1080 2422 1220 2462 habeas
1236 2423 1404 2462 anamim&
1424 2424 1663 2462 ‹twaatorz'um
1684 2423 1802 2475 hujus

293 2478 484 2530 opusculi,
505 2478 564 2529 (id
586 2482 661 2525 est,
681 2479 734 2525 id,
751 2479 860 2532 quod
882 2479 1036 2519 habeas
1058 2479 1278 2532 praecipue
1293 2494 1368 2532 pro
1385 2484 1537 2519 natura
1553 2484 1596 2519 et
1613 2483 1802 2519 extremo

293 2534 413 2586 hujus
435 2534 664 2574 amatoriae
685 2535 1012 2588 disputationis,)
1036 2535 1102 2574 lzoc
1122 2541 1188 2574 est.
1225 2536 1268 2574 τὸ
1292 2536 1471 2586 ἐρωτικὸν
1492 2540 1556 2575 est
1579 2535 1632 2583 id.
1656 2550 1737 2588 quo
1759 2539 1801 2574 et

293 2589 473 2630 amantis
505 2604 605 2643 erga
635 2595 820 2630 amatum
852 2605 970 2630 amor
1000 2591 1179 2630 maxime
1211 2591 1458 2637 declaratur,
1494 2596 1536 2630 et
1564 2591 1694 2630 amati
1723 2604 1801 2638 res,

297 2645 432 2694 decus,
456 2643 568 2686 salus
587 2647 766 2686 maxime
789 2652 962 2686 ornatur
977 2652 1104 2700 atquc
1126 2647 1348 2687 stabilitur.
1382 2648 1583 2687 REISK.
1643 2649 1662 2685 ὁ
1685 2651 1802 2700 typo-

295 2701 439 2741 thetae
460 2716 601 2742 errore
622 2702 663 2741 in
686 2703 784 2742 edit.
809 2707 954 2742 nostra
975 2703 1157 2756 positum
1179 2718 1254 2757 pro
1277 2705 1313 2742 ὅ.

354 2770 472 2808 1401,
502 2759 563 2798 18.
596 2758 780 2812 βιβλίον]
815 2759 893 2798 Est
923 2759 1083 2798 libellus
1113 2759 1335 2813 pugillaris,
1360 2759 1402 2798 in
1430 2773 1552 2812 quem
1574 2758 1801 2799 subitarias

292 2812 568 2865 cogitationes
589 2814 828 2867 conjicimus
849 2814 984 2854 verbis
1011 2819 1159 2868 sponte
1187 2814 1534 2862 succurrentibus,
1558 2829 1640 2854 non
1672 2814 1799 2854 medi-

291 2868 407 2962 tatilsi
415 2872 475 2963 1etI
485 2869 631 2964 {anuo
653 2870 985 2912 lucubrationum
1001 2871 1237 2912 rudimenta
1258 2871 1523 2911 delineamus.
1553 2871 1606 2910 V.
1624 2885 1664 2923 p.
1680 2872 1795 2923 1283,

293 2935 332 2973 5.
430 2938 448 2963 υ
564 2957 571 2964 .
