1935 3200
294 128 393 172 1478

286 228 484 267 Eudemus,
507 225 837 272 Cydathenaeensis‚
861 230 1015 258 extremo

337 274 507 318 supplicio
532 272 676 306 affectus
703 270 748 304 ob
773 271 885 315 legem
911 271 953 304 ab
977 282 1016 304 eo

336 321 452 359 latam,
471 330 558 363 quae
576 317 799 361 displicuerat
822 325 900 360 743,
918 325 968 361 17.

294 365 486 404 Eudemus,
505 370 544 397 ut
561 363 707 402 videtur,
727 363 814 395 alius
832 362 883 395 vir
906 374 1016 406 popu-

338 412 418 444 laris
437 411 536 453 1482,
556 409 587 443 6.

294 457 481 497 Euderces,
496 456 667 490 obscurus
686 454 803 493 homo,
818 454 955 487 nullum
973 452 1018 486 ob

339 503 501 536 meritum
529 514 570 535 ex
599 501 802 534 auctoritate
823 499 1017 533 Aristocra-

339 549 383 582 tis
402 549 537 582 civitate
555 547 705 581 donatus
724 546 803 586 688,
820 556 872 580 11.

295 595 462 634 Eudicus,
483 594 676 632 Larisaeus,
696 592 856 636 Philippo
870 590 1018 624 Thessa-

317 642 398 674 liam
415 639 568 684 prodidit
587 649 665 680 241,
687 647 741 683 27.

295 687 478 726 Eudoxus,
492 687 544 719 vir
561 684 738 729 popularis
756 683 855 725 1482,
874 682 906 715 6.

296 733 448 777 Euegori
473 733 526 765 lex
554 731 596 764 de
624 730 782 763 libertate
809 728 1019 762 Liberalium

342 785 374 812 et
390 778 656 823 Thargeliorum
674 784 753 820 517,
773 786 828 817 24.

298 825 471 869 Euergus,
494 835 597 868 quem
622 822 699 856 falsi
726 821 807 855 dicti
833 819 1021 854 testimonii

343 871 458 915 arguit
475 870 583 903 oratio
601 879 614 902 1
625 880 688 913 139
708 880 759 912 sq.
790 867 894 900 frater
907 865 1019 898 Theo-

343 917 460 961 phemi
482 926 581 959 1149,
601 923 650 958 15.
685 914 831 947 fortasse
848 912 940 945 idem
958 917 1020 949 est,

344 963 403 1008 qui
437 974 517 995 cum
552 961 762 994 Pantaeneto
795 958 836 992 de
878 958 1022 1002 pecunia

345 1008 474 1042 credita
491 1008 560 1051 egit
577 1006 657 1051 967.

301 1054 533 1088 Eumarichus
552 1063 631 1097 929,
652 1062 706 1095 25.

300 1099 500 1134 Eumelides
519 1099 617 1143 1187,
639 1109 695 1131 21.

302 1146 464 1190 Eumolpi
492 1145 660 1178 exercitus
685 1144 727 1176 ab
749 1141 1023 1176 Atheniensibus

348 1192 448 1225 fusus
465 1201 564 1235 1391,
584 1203 617 1231 4.

302 1237 592 1281 Eumolpidarum
611 1235 652 1269 de
669 1241 772 1279 gente
788 1239 885 1267 erant
901 1233 1024 1266 Hiero-

348 1283 498 1327 phantae
514 1283 613 1326 1385,
632 1282 664 1314 6.

303 1329 459 1363 Eunicus
478 1327 724 1372 Cholargensis
741 1336 838 1370 1312,
851 1336 903 1369 13.
926 1334 1025 1368 1320,

305 1422 489 1455 Eunomus
522 1419 787 1464 AnaplilystiuS,
822 1416 1028 1451 caduceator

353 1468 429 1511 283,
448 1467 480 1500 8.

306 1513 503 1553 Eunomus,
532 1512 635 1545 frater
666 1509 849 1544 Aeschinis
875 1517 955 1553 379,
976 1508 1027 1541 16.

354 1559 581 1603 significatus.

308 1605 525 1648 Euphemus,
544 1615 640 1636 socer
658 1601 844 1635 Mantithei
860 1612 918 1634 101
930 1612 958 1639 1,
976 1600 1028 1632 26.

309 1650 516 1694 Euphiletus
559 1648 760 1686 Damotimi,
803 1646 1030 1690 Aphidnaeus

354 1707 420 1740 934
440 1707 519 1739 pen-

310 1742 517 1786 Euphiletus
531 1739 695 1777 Simonis,
706 1739 922 1772 Aexonensis
934 1747 1031 1782 1353,

362 1799 390 1821 1.

312 1834 487 1878 Euphraei
520 1838 678 1865 narratur
707 1830 851 1864 adversa
882 1830 1032 1868 fortuna,

359 1880 417 1925 qui
436 1878 530 1924 quod
550 1877 656 1911 Oritis
675 1877 885 1921 perniciosas
904 1874 1032 1909 machi-

358 1926 514 1959 nationes
535 1924 726 1957 amicorum
745 1922 893 1966 Philippi
918 1920 1032 1965 prodi-

360 1971 477 2010 disset,
504 1971 539 2003 in
565 1980 735 2003 carcerem
761 1969 936 2013 conjectus
962 1967 1034 2010 ipse

360 2017 426 2050 sibi
442 2027 568 2049 manus
583 2015 748 2048 violentas
766 2014 883 2047 intulit
901 2012 975 2051 126,
991 2012 1022 2045 6.

315 2063 533 2107 Euphraeus,
555 2060 772 2094 numularius
792 2059 938 2092 Athenis
956 2059 1035 2102 948,

366 2108 418 2141 16.
451 2107 587 2141 videtur
601 2118 721 2139 servus
738 2112 797 2139 aut
813 2105 957 2138 libertus
974 2104 1035 2136 Pa-

363 2154 469 2187 sionis
502 2153 620 2190 fuisse,
655 2157 714 2185 aut
747 2151 859 2184 saltim
898 2161 1036 2183 mensae

363 2198 535 2232 foenebris
554 2208 696 2230 consors
715 2208 727 2229 1
739 2206 815 2241 195,
830 2207 842 2228 1
854 2207 881 2228 1.

319 2244 499 2288 Euphron,
515 2243 732 2276 numularius
750 2243 829 2285 948,
847 2251 897 2284 17.

318 2290 533 2334 Eupolemus
550 2296 646 2329 1052,
666 2299 698 2331 9.

320 2334 515 2378 Euripides,
551 2333 699 2378 Polyclis
742 2333 776 2365 in
815 2331 1039 2365 trierarchatu

365 2382 495 2423 collega
514 2388 611 2423 1227,
629 2390 680 2412 12.

320 2426 496 2470 Euripidis
514 2431 632 2469 poetae
653 2424 805 2457 Phoenix
824 2423 947 2456 citatur
961 2423 1040 2464 418,

371 2484 386 2498 Ἴ

322 2518 526 2563 Eurybates,
546 2516 712 2560 proditor,
731 2515 830 2559 cujus
849 2513 990 2557 perfidia
1007 2513 1040 2545 in

367 2563 590 2608 proverbium
608 2562 690 2594 abiit
710 2572 788 2605 233,
806 2561 839 2593 8.

324 2609 552 2654 Eurydamas,
583 2607 711 2640 Midiae
741 2607 844 2644 filius,
873 2605 1041 2638 Neaeram

369 2667 432 2699 pro
461 2654 571 2687 amica
597 2665 715 2686 secum
744 2664 803 2696 per
828 2650 1041 2684 Thessaliam

369 2700 550 2734 ductitavit
568 2700 666 2743 1382,
679 2698 711 2731 6.
747 2697 880 2730 videtur
895 2696 1042 2737 Magnes

368 2747 486 2779 fuisse.

324 2791 543 2835 Eurylochus
562 2802 581 2823 a
600 2789 757 2832 Philippo
776 2800 855 2822 cum
874 2786 1043 2832 praesidio

370 2837 413 2870 ad
428 2836 597 2870 Eretriam
614 2835 742 2867 missus
761 2834 804 2867 ad
823 2844 1042 2876 compescen-

372 2882 454 2915 dum
470 2881 682 2914 Eretrienses
700 2880 862 2923 pristinae
878 2878 1043 2912 libertatis

372 2926 623 2970 recuperandae
642 2925 784 2968 cupidos
804 2925 878 2962 126,
896 2936 922 2957 1.

777 125 950 160 INDEX
982 123 1298 160 HISTORICUS

1070 224 1311 268 Eurymachus
1347 223 1556 263 Leontiadis,
1588 223 1791 262 Thebanus,

1116 269 1331 303 Boeotarcha
1355 281 1435 302 cum
1461 276 1561 309 esset,
1581 274 1701 302 auctor
1719 269 1790 302 suis

1114 316 1226 349 factus
1256 321 1307 349 est
1334 321 1372 348 ut
1402 315 1557 348 Plataeas
1588 315 1703 348 subito
1729 326 1791 358 op-

1115 373 1250 405 pressas
1286 360 1567 394 Lacedaemoniis
1606 360 1793 404 proderent

1120 408 1219 451 1378,
1240 418 1295 440 21.

1072 453 1301 498 Eurystheus,
1323 464 1381 486 rex
1406 452 1569 496 Argivus,
1594 453 1648 485 ille
1671 463 1794 485 saevus

1116 504 1149 532 et
1176 498 1403 542 implacabilis
1432 498 1595 531 Herculis
1622 504 1654 531 et
1683 497 1794 532 Hera-

1117 544 1285 578 clidarum
1304 545 1494 588 exagitator
1512 555 1611 588 1391,
1628 555 1679 577 10.

1072 590 1274 629 Euthetion,
1291 589 1608 634 Cydathenaeensis
1627 589 1725 633 1356,
1742 598 1794 632 15.

1074 636 1262 680 Euthycles
1305 636 1449 669 Archon
1490 635 1795 679 pseudeponymus

1122 682 1200 722 266,
1217 681 1268 715 16.

1075 728 1275 772 Euthycles,
1304 728 1359 760 cui
1386 726 1641 760 Demosthenes
1670 726 1796 759 oratio-

1120 786 1200 807 nem
1229 774 1264 806 in
1292 773 1539 806 Aristocratem
1570 772 1717 816 scripsit,
1744 772 1796 805 in-

1121 820 1238 853 terfuit
1264 831 1344 852 cum
1369 819 1512 862 imperio
1537 818 1714 851 trierarchi
1739 829 1797 851 ex-

1121 865 1287 910 peditioni
1310 865 1345 898 in
1369 864 1650 908 Hellespontum,
1669 869 1701 897 et
1719 869 1798 897 ante

1120 912 1214 945 illam
1235 922 1393 945 caussam
1414 911 1488 955 jam
1509 910 1593 943 alios
1614 921 1797 943 accusave-

1121 963 1171 991 rat
1188 957 1362 991 fraudium
1381 956 1415 989 in
1433 956 1609 1000 republica
1626 967 1701 989 reos
1716 955 1796 995 622,

1125 1015 1141 1028 ‘¹’

1078 1050 1319 1094 EuthycrateS,
1333 1048 1534 1093 Olynthius,
1554 1049 1698 1091 patriam
1717 1047 1799 1080 Phi-

1123 1095 1217 1139 lippo
1247 1106 1327 1128 cum
1357 1094 1579 1138 prodidisset,
1602 1093 1644 1126 ab
1667 1105 1707 1126 eo
1735 1093 1799 1126 mi-

1125 1152 1197 1174 sere
1230 1146 1281 1173 est
1314 1140 1471 1174 sublatus
1498 1151 1553 1185 99,
1581 1150 1635 1173 22.
1663 1138 1742 1181 426,
1769 1149 1799 1172 2.

1126 1196 1204 1228 451,
1223 1197 1250 1219 1.

1080 1232 1321 1277 Euthydemus
1338 1231 1517 1265 Stratoclis
1532 1230 1694 1264 laudatur
1705 1231 1749 1264 ob
1761 1231 1801 1263 li-

1125 1278 1337 1356 bgmmaoem
1355 1289 1436 1322 erga
1452 1277 1701 1321 rempublicam
1720 1276 1800 1321 567,

1128 1335 1146 1357 2
1176 1351 1183 1357 .

1082 1369 1336 1414 Euthydemus,
1356 1369 1548 1414 Phlyensis,
1566 1368 1630 1401 fuit
1651 1369 1686 1401 in
1708 1369 1802 1411 lega-

1127 1416 1171 1449 tis
1197 1415 1239 1449 ad
1258 1415 1457 1459 Philippum
1474 1415 1510 1448 in
1529 1420 1640 1447 castra
1660 1413 1703 1447 ad
1722 1414 1802 1447 Ela-

1128 1468 1217 1495 team
1235 1461 1361 1499 missis,
1373 1472 1441 1506 quo
1455 1460 1606 1494 indutias
1625 1460 1668 1493 ab
1683 1471 1722 1493 eo
1740 1460 1803 1492 im-

1129 1513 1302 1551 petrarent
1322 1508 1399 1546 282,
1416 1517 1470 1540 22.

1084 1553 1339 1599 Euthydemus,
1352 1552 1525 1596 Pamphili
1538 1552 1629 1585 filius
1645 1562 1742 1593 1015,
1752 1563 1803 1596 19.

1084 1599 1314 1644 Euthydicus,
1333 1598 1487 1632 medicus
1503 1598 1601 1637 1018,
1618 1609 1669 1631 10.

1086 1645 1362 1690 Euthymachus,
1381 1644 1588 1689 Otrynensis
1607 1644 1705 1688 1083,
1720 1656 1753 1684 4.

1086 1691 1286 1736 Euthynus,
1304 1692 1452 1724 luctator
1469 1699 1548 1734 537,
1568 1701 1618 1731 14.

1086 1737 1365 1781 Euthyphemus,
1384 1736 1495 1769 scriba
1512 1735 1632 1780 judicii
1650 1746 1804 1768 mercan-

1132 1783 1200 1816 tilis
1220 1793 1318 1826 1324,
1335 1793 1386 1815 10.

1088 1829 1291 1868 Euxstheus,
1326 1828 1484 1861 Thucriti
1525 1828 1561 1866 s.,
1601 1826 1805 1865 Alimusius,

1133 1881 1228 1908 actor
1245 1885 1385 1907 caussae
1403 1873 1568 1906 adversus
1584 1872 1806 1911 Eubulidem,

1133 1933 1152 1953 a
1173 1932 1242 1965 quo
1269 1919 1519 1964 peregrinitatis
1546 1924 1727 1952 accusatus
1752 1918 1806 1950 fu-

1134 1973 1204 1999 erat
1227 1977 1312 2011 1299
1339 1977 1389 2009 sq.
1421 1976 1518 2009 1311,
1542 1964 1593 1997 18.
1651 1964 1716 1997 fuit
1748 1964 1807 1996 ali-

1135 2012 1274 2056 quando
1289 2012 1341 2045 sui
1355 2011 1445 2044 demi
1464 2022 1524 2044 seu
1542 2009 1718 2053 municipii
1736 2021 1807 2042 ma-

1135 2058 1251 2101 gister,
1282 2064 1314 2090 et
1343 2057 1582 2101 magistratum
1612 2056 1658 2089 ita
1689 2055 1808 2099 gessit,

1136 2111 1174 2136 111
1202 2103 1339 2136 decreto
1367 2103 1494 2146 scripto
1520 2101 1729 2140 laudaretur,
1750 2112 1808 2134 ve-

1137 2161 1213 2182 rum
1248 2149 1430 2182 acerbitate
1463 2147 1647 2181 exactionis
1677 2146 1808 2180 debito-

1138 2206 1213 2228 rum
1232 2195 1419 2227 nonnullos
1438 2193 1698 2237 municipalium
1721 2193 1754 2226 in
1774 2204 1809 2225 se

1137 2240 1326 2273 irritaverat
1344 2250 1441 2283 1319,
1458 2250 1485 2272 1.

1093 2285 1297 2323 Euxitheus‚
1318 2284 1551 2318 Chollidensis
1567 2283 1664 2323 1260,
1685 2295 1715 2316 2.

1094 2331 1298 2369 Euxitheus,
1312 2330 1517 2363 Timocratis
1535 2330 1558 2362 f.
1576 2341 1634 2373 131
1645 2340 1674 2369 1,
1690 2340 1718 2362 1.

1094 2376 1298 2415 Euxitheus,
1318 2376 1435 2415 Eleus,
1454 2375 1609 2419 proditor
1625 2386 1704 2419 324,
1723 2384 1774 2407 10.

1095 2422 1295 2462 ExecestuS,
1314 2421 1467 2454 medicus
1485 2430 1565 2465 379,
1581 2420 1632 2454 16.

1096 2467 1295 2506 Execestus,
1317 2467 1585 2510 Lampsacenus,
1604 2467 1663 2511 qui
1686 2465 1810 2499 Philis-

1140 2525 1231 2551 cum,
1260 2520 1446 2557 tyrannum
1472 2513 1610 2556 patriae,
1640 2511 1812 2545 interemit

1141 2559 1206 2591 666
1226 2570 1302 2602 pen.

1094 2608 1217 2648 Φωρῶν
1234 2605 1343 2647 λιμὴν,
1364 2604 1494 2637 Furum
1516 2610 1648 2647 portus,
1666 2602 1812 2635 Atheni-

1140 2650 1212 2682 ensi
1237 2650 1370 2683 vicinus
1397 2655 1430 2682 et
1458 2649 1624 2682 insidians
1647 2648 1813 2692 valdeque

1140 2695 1415 2733 incommodans,
1433 2695 1493 2728 ubi
1514 2696 1657 2727 laterent
1674 2700 1706 2727 et
1724 2694 1812 2737 pira-

1141 2747 1204 2780 tae,
1231 2742 1289 2785 qui
1318 2752 1422 2774 naves
1449 2740 1603 2773 Athenas
1633 2739 1812 2772 tendentes

1141 2786 1397 2829 praedarentur,
1424 2792 1456 2819 et
1483 2786 1511 2818 si
1537 2786 1595 2830 qui
1621 2784 1813 2828 emporium

1141 2832 1295 2865 Atticum
1321 2831 1479 2864 fraudare
1496 2830 1731 2874 vectigalibus,
1748 2829 1813 2872 ipsi

1141 2883 1256 2910 tamen
1278 2888 1409 2910 merces
1427 2888 1507 2910 suas
1525 2876 1671 2909 vendere
1688 2876 1813 2908 vellent

1143 2934 1220 2966 932,
1238 2934 1288 2966 13.
