1935 3200
283 103 384 138 1496

281 201 446 246 Simylus,
465 201 587 234 histrio
605 212 684 244 314,
704 212 754 233 11.

281 247 420 290 Sinope,
439 247 600 280 meretrix
619 247 697 285 610,
717 255 768 290 17.
792 247 890 289 1385,
910 257 937 278 1.

282 292 436 336 Siphnus
474 298 507 325 et
541 291 702 336 Cythnus
737 292 882 324 Athenis
922 303 1000 334 pro—

326 338 442 371 verbio
479 339 558 371 trita
599 338 753 380 exempla
793 337 1001 380 oppidorum

326 383 447 416 vilium
483 389 515 416 et
557 382 891 416 contemnendorum
926 382 999 426 176,

331 439 382 462 10.

281 474 436 513 Sitalces,
455 486 513 507 rex
536 474 711 513 Thraciae,
733 479 907 517 peremtus
930 485 1000 506 non

326 519 442 553 invitis
461 519 732 552 Atheniensibus
755 518 831 558 161,
849 530 881 562 3.

283 565 428 605 Smicro,
469 565 514 598 ob
555 565 770 609 rogationem
810 566 1001 607 παράνομον

327 610 445 644 (1606111
463 611 598 644 talentis
617 611 784 643 multatus
804 620 883 654 573,
901 618 953 654 17.

282 656 485 700 Smicythio,
513 656 642 693 Thrax,
670 656 729 700 qui
759 656 1000 700 Miltocythem

329 701 537 735 Charidemo
558 701 709 745 prodidit
727 701 805 745 676,
824 713 902 745 pen.

282 746 483 792 Smicythus
493 747 535 781 ab
545 747 684 780 Eubulo
694 753 876 780 accusatus
886 758 964 788 401,
973 759 1000 780 1.

282 792 451 833 Socrates,
469 793 577 832 Orita,
594 793 753 836 Philippo
771 792 908 826 deditus
926 792 1000 831 126,

282 884 441 917 Socrates
459 884 580 918 histrio
597 895 676 927 314,
696 895 747 927 13.

283 929 441 963 Socrates
459 930 622 973 trapezita
639 941 718 974 953,
738 941 789 962 12.

282 975 440 1009 Socrates
459 975 699 1019 philosophus,
717 974 905 1008 Alcibiadis
925 986 995 1008 rna-

327 1021 435 1064 gister
455 1030 554 1062 1415,

283 1065 441 1099 Socrates
464 1032 606 1099 Archon
629 1078 669 1100 eo
691 1078 793 1105 anno,
816 1077 884 1110 quo
909 1064 999 1098 Cha-

327 1111 419 1145 brias
446 1111 569 1156 Pythia
594 1113 674 1146 vicit
699 1111 876 1162 quadrigis
901 1111 999 1154 1356,

327 1168 360 1199 5.
401 1163 613 1191 memoratur
660 1158 733 1209 eJ‘us
777 1157 1000 1200 magistratus

332 1202 501 1241 1186,10.
529 1202 648 1236 incidit
673 1204 708 1236 in
734 1184 855 1235 11111111ὃ
857 1214 1000 1241 annum,

328 1260 396 1292 quo
413 1248 617 1281 Timotheus
636 1260 708 1282 rem
727 1249 863 1281 sinistre
881 1247 1001 1281 adver-

328 1305 387 1327 sus
403 1294 673 1337 Peloponnesios
687 1300 819 1338 gereret
834 1304 846 1326 1
857 1303 999 1338 197,17.

283 1337 401 1378 Solon,
435 1340 610 1391 legislator
647 1339 869 1373 clarissimus.
910 1339 1001 1382 frag-

328 1390 485 1418 mentum
503 1397 544 1418 ex
562 1386 635 1429 eJ'us
654 1385 770 1429 Elegis
787 1395 866 1426 421,
886 1395 940 1426 24.
959 1384 1003 1417 ad

328 1441 406 1488 423,
426 1430 458 1464 6.
484 1432 577 1482 leges
598 1431 708 1475 ajebat
728 1442 802 1464 esse
824 1430 1001 1463 civitatum

328 1478 486 1528 νόμισμα,
510 1477 581 1509 81ν6
606 1477 652 1516 id,
674 1488 742 1521 quo
766 1475 943 1520 publicum
967 1476 1001 1508 in

327 1533 433 1555 usum
471 1522 628 1555 immisso
662 1528 841 1555 uterentur
881 1533 1002 1554 omnes

327 1568 435 1600 veluti
453 1568 568 1607 modo,
588 1579 627 1600 ex
646 1580 715 1612 quo
736 1573 884 1611 agantur
901 1572 1002 1611 atque

327 1613 553 1646 aestimentur
578 1614 694 1646 omnia
720 1614 761 1657 76
765 1622 797 1654 5,
824 1623 878 1654 24.
912 1613 1002 1645 cives

329 1659 382 1691 sui
401 1670 480 1691 eum
498 1659 542 1692 ob
557 1660 649 1701 leges
666 1660 751 1692 latas
770 1669 873 1691 aenea
891 1664 1003 1691 statua

329 1703 601 1737 cohonestarunt
626 1705 661 1737 in
686 1705 761 1737 foro
787 1704 897 1746 posita
922 1714 1001 1744 420,

332 1758 362 1792 7.
382 1750 460 1793 807,
481 1759 532 1793 17.
556 1756 676 1783 auctor
693 1750 757 1782 fuit
774 1750 809 1782 in
826 1750 900 1792 lege
919 1760 1001 1793 qua-

330 1794 421 1834 dam,
457 1796 515 1839 qui
548 1796 583 1828 in
616 1801 783 1839 potestate
815 1795 1002 1827 meretricis

329 1846 430 1879 esset,
460 1853 539 1874 eum
574 1841 619 1874 ita
651 1841 763 1874 furere
795 1841 1002 1879 immaniter,

330 1892 369 1918 ut
386 1886 492 1919 alium
514 1887 688 1920 neminem
708 1886 906 1919 mortalium
929 1897 1002 1918 om-

330 1932 429 1964 nium
457 1933 568 1975 magis
591 1933 688 1976 1183,
712 1943 762 1966 10.
797 1943 1003 1964 annumera-

329 1982 387 2009 tur
410 1977 584 2021 sophistis,
603 1978 668 2011 hoc
691 1984 742 2011 est
765 1977 950 2021 sapientiae
973 1982 1005 2009 et

330 2023 548 2066 elegantioris
575 2024 770 2057 literaturae
803 2022 1003 2066 professori-

329 2067 397 2101 bus
423 2074 524 2113 atque
550 2070 736 2112 magistris,
762 2079 906 2112 eamque
930 2069 1003 2100 lau-

331 2113 410 2146 dem
437 2114 576 2158 reliquis
603 2115 675 2148 suis
704 2114 866 2147 laudibus
892 2113 1003 2146 omni-

331 2158 397 2191 bus
416 2160 615 2193 antetulisse
630 2160 755 2193 dicitur
770 2158 868 2199 1416,
881 2170 913 2202 3.
944 2158 1004 2191 ubi

332 2216 487 2237 summae
520 2205 639 2238 laudes
672 2206 745 2249 ejus
777 2209 1003 2242 enarrantur3

332 2261 419 2293 quae
445 2256 527 2283 sunt
552 2251 635 2283 hae:
664 2251 885 2293 Megarenses
912 2249 1002 2287 vicit,

331 2295 506 2339 hujusque
536 2296 695 2328 victoriae
736 2300 1003 2328 monumentum

332 2340 405 2373 fixit
433 2346 625 2392 tropaeum,
654 2340 827 2373 Salamina
854 2340 1004 2372 insulam

332 2397 517 2429 recupel'u
519 2387 555 2426 1t
570 2388 663 2429 leges
677 2385 843 2423 condidit,
855 2392 898 2423 et,
911 2384 1004 2428 quod

332 2443 404 2475 ipse
430 2433 557 2465 summi
578 2432 655 2465 fecit
683 2430 1004 2474 studiosissimeque

332 2477 515 2517 affectavit,
543 2479 578 2511 in
606 2483 736 2520 septem
761 2475 921 2509 Graeciae
951 2486 1003 2507 sa-

332 2523 505 2566 pientibus
522 2524 587 2557 fuit
604 2523 755 2556 habitus.

287 2570 404 2609 Solon,
423 2570 529 2603 homo
547 2570 716 2603 obscurus
738 2578 836 2606 1120,
856 2574 896 2610 27

287 2615 405 2654 801011,
441 2615 650 2653 Erchiensis,
689 2614 815 2647 arbiter
852 2612 1004 2644 delectus

332 2663 367 2694 in
400 2673 522 2694 caussa
549 2660 734 2693 WIantithei
764 2670 842 2692 cum
873 2657 1004 2690 Boeoto

335 2718 432 2750 1013,
453 2721 485 2748 4.

287 2752 463 2796 Sopliilus,
491 2753 720 2796 pancratiasta
750 2749 855 2787 Sami,
886 2747 951 2781 adv
943 2759 1004 2780 er-

333 2798 472 2836 sarium,
507 2810 525 2830 a
559 2809 627 2842 quo
667 2807 727 2839 pei
760 2794 1004 2828 contumeliam

333 2845 564 2887 vapulaverat,
582 2844 650 2876 irae
673 2840 874 2885 impotentia
896 2839 1004 2872 victus

333 2889 553 2933 occidit537,
572 2899 623 2932 15.

774 102 943 137 INDEX
975 101 1289 138 HISTORICUS

1058 200 1239 244 Sophistae
1269 206 1400 243 septem
1429 206 1510 233 sunt
1539 200 1643 234 iidem
1673 206 1775 245 atque

1102 247 1208 290 vulgo
1233 246 1281 279 sic
1307 245 1388 278 dicti
1412 245 1574 279 Graeciae
1601 247 1663 279 viri
1687 247 1777 290 sapi-

1102 297 1197 324 entes
1220 291 1319 332 1416,
1340 302 1392 324 11.

1057 336 1250 380 Sophoclis,
1285 343 1403 380 poetae
1436 337 1566 380 tragici,
1598 337 1777 381 Antigona

1102 387 1391 415 commemoratur
1414 382 1492 423 418,
1513 391 1542 426 7.
1574 388 1605 415 et
1633 393 1686 416 20.
1715 382 1776 415 ubi

1101 428 1198 461 locus
1216 439 1256 460 ex
1275 439 1312 460 ea
1329 427 1503 460 recitatur.

1057 472 1205 506 Sosicles
1229 473 1294 506 fuit
1318 473 1352 505 in
1379 472 1580 506 adversariis
1606 478 1639 506 et
1662 473 1775 506 crimi-

1102 518 1281 552 natoribus
1301 518 1548 552 Demosthenis
1565 529 1645 563 310,
1664 530 1697 563 9.

1057 564 1215 604 Sosicles,
1234 564 1398 608 trapezita
1415 573 1494 608 953,
1513 573 1565 608 15.

1057 609 1275 649 Sosinomus,
1293 610 1457 653 trapezita
1474 610 1555 642 item
1574 618 1653 654 959,
1674 609 1728 643 26.

1058 655 1279 694 Sosistratus,
1304 655 1340 688 in
1364 655 1507 688 Euboea
1530 655 1679 699 Philippi
1703 661 1776 689 stu-

1103 701 1221 734 diosus
1240 712 1320 745 324,
1339 711 1391 745 17.

1057 746 1249 786 Sositheus,
1275 752 1372 791 pater
1402 745 1597 785 Eubulidis,
1624 747 1683 790 qui
1713 758 1775 780 no-

1102 792 1194 826 mine
1221 792 1281 825 filii
1310 792 1450 825 infantis
1479 792 1513 824 in
1542 791 1775 825 Macartatum

1101 838 1171 882 egit
1198 838 1296 877 1061,
1323 850 1355 882 9.
1389 843 1461 871 tota
1489 837 1545 870 illa
1574 838 1728 871 oratione
1758 849 1777 870 a

1101 896 1134 927 p.
1154 893 1251 925 1050.
1271 883 1314 917 ad
1333 895 1365 927 p.
1383 892 1480 927 1079.

1057 929 1246 969 Sostratus,
1287 929 1407 972 pirata,
1446 940 1548 972 quem
1591 928 1772 973 Philippus

1102 974 1305 1008 Halonneso
1323 974 1453 1018 expulit
1472 973 1547 1014 162,
1563 984 1615 1007 10.

1057 1020 1233 1054 Sostratus
1253 1020 1401 1064 Philippi
1420 1019 1522 1059 filius,
1543 1019 1774 1053 Histiaeensis

1127 1077 1143 1098 2
1173 1093 1181 1106 ,
1202 1077 1219 1099 2
1250 1092 1256 1099 .

1057 1075 1243 1151 Soiagesf
1263 1110 1450 1150 Cretensis,
1502 1110 1671 1143 Neaeram
1716 1121 1777 1153 per

1103 1157 1238 1190 Ioniam
1266 1162 1299 1190 et
1328 1156 1458 1189 Chium
1491 1167 1553 1199 pro
1586 1156 1695 1189 amica
1723 1167 1776 1188 86-

1102 1214 1182 1235 011111
1201 1202 1355 1235 ductavit
1378 1202 1475 1245 1382,
1492 1202 1524 1234 8.

1058 1248 1278 1291 Spintharus,
1297 1247 1427 1281 Eubuli
1444 1246 1535 1280 filius
1558 1255 1656 1290 1259,
1677 1256 1707 1279 2.

1058 1293 1279 1337 Spintharus,
1317 1293 1375 1337 qui
1418 1291 1635 1325 Clinomachi
1675 1291 1776 1324 aedes

1102 1345 1233 1383 septem
1263 1339 1365 1371 minis
1398 1338 1480 1371 emit
1508 1338 1607 1381 1358,
1633 1337 1665 1370 8.
1695 1337 1776 1370 fort.

1102 1384 1194 1418 idem
1212 1396 1292 1417 cum
1310 1383 1488 1427 superiori.

1058 1430 1219 1474 Spudias,
1235 1430 1269 1462 in
1284 1441 1387 1474 quem
1406 1429 1586 1462 Leocrates
1604 1427 1673 1471 egit
1690 1433 1775 1461 orat.

1102 1488 1135 1519 p.
1159 1476 1256 1509 1028.
1278 1475 1321 1508 ad
1346 1486 1380 1518 p.
1403 1483 1501 1518 1037,
1524 1485 1628 1524 penes
1654 1473 1775 1506 ambos

1102 1533 1236 1554 sorores
1256 1521 1367 1554 duae'
1360 1532 1396 1553 m
1414 1519 1632 1553 matrimonio
1650 1525 1758 1552 erant.

1058 1566 1268 1618 Stephanus,
1308 1565 1474 1599 Meneclis
1508 1565 1611 1604 filius,
1644 1564 1776 1597 Achar-

1103 1612 1220 1645 nensis
1242 1623 1387 1653 1104,1.
1413 1612 1449 1644 in
1476 1622 1576 1655 quern
1604 1610 1684 1643 totis
1709 1610 1776 1643 iuis

1103 1657 1239 1691 duabus
1263 1657 1476 1691 orationibus
1499 1668 1532 1699 p.
1552 1666 1650 1689 1101.
1675 1655 1718 1688 ad
1741 1667 1775 1699 p.

1107 1715 1119 1736 1
1131 1712 1205 1747 137.
1240 1702 1473 1746 Apollodorus
1492 1701 1647 1734 Pasionis
1665 1701 1747 1745 agit.

1059 1749 1256 1800 Stephanus
1306 1747 1533 1781 Eroeadensis
1578 1747 1676 1790 1358,
1720 1745 1774 1779 26.

1104 1795 1248 1827 maritus
1278 1794 1439 1833 Neaerae,
1469 1793 1506 1826 in
1535 1804 1621 1836 quos
1654 1791 1776 1825 ambos

1104 1840 1276 1873 invehitur
1297 1845 1368 1872 tota
1387 1839 1444 1872 illa
1464 1838 1571 1871 oratio
1588 1849 1608 1870 a
1624 1849 1657 1881 p.
1676 1847 1775 1888 1345.

1104 1885 1146 1918 ad
1180 1897 1212 1929 p.
1235 1883 1679 1929 13881168010,1(16111116
1720 1883 1775 1922 sit,

1105 1943 1207 1975 quem
1249 1930 1438 1964 Aeschines
1474 1941 1506 1973 p.
1542 1929 1597 1970 46.
1631 1937 1687 1972 37.
1721 1928 1775 1961 6(1.

1106 1976 1225 2020 Steph.
1249 1976 1416 2015 nominat,
1448 1986 1551 2008 suum
1581 1980 1613 2007 et
1639 1974 1778 2018 Dercyli

1104 2022 1139 2055 in
1172 2022 1341 2066 legatione
1374 2001 1416 2054 ad
1447 2020 1641 2054 Phocenses
1675 2020 1776 2052 colle-

1104 2079 1196 2111 gam.
1238 2066 1450 2111 Apollodoro
1488 2065 1642 2098 Pasionis
1685 2064 1776 2097 diem

1104 2113 1156 2146 bis
1182 2080 1282 2151 dixit,I
1301 2113 1405 2145 semel
1425 2111 1469 2144 ob
1495 2111 1657 2154 pecunias
1680 2110 1774 2143 thea-

1105 2159 1217 2197 trales,
1253 2169 1337 2202 quas
1370 2158 1406 2190 in
1438 2157 1619 2190 militarem
1652 2155 1775 2188 fiscum

1104 2204 1220 2236 inferri
1246 2202 1480 2246 Apollodorus
1509 2207 1629 2234 auctor
1653 2201 1775 2240 fuerat,

1104 2255 1179 2281 tum
1208 2247 1384 2281 homicidii
1412 2258 1509 2280 reum
1538 2251 1652 2289 egerat
1677 2254 1775 2289 1347,

1109 2306 1120 2326 1
1144 2306 1194 2337 sq.
1222 2305 1323 2337 quam
1342 2293 1503 2336 injuriam
1520 2292 1634 2324 ultum
1654 2297 1775 2324 euntes

1103 2339 1358 2372 Theomnestus
1384 2343 1417 2370 et
1441 2337 1514 2381 ejus
1541 2348 1648 2375 socer,
1667 2337 1775 2379 Apol-

1104 2384 1258 2422 lodorus,
1284 2384 1319 2416 in
1338 2384 1396 2427 jus
1420 2388 1544 2415 vocant
1568 2383 1625 2415 illa
1646 2387 1718 2414 tota
1740 2381 1776 2414 in

1106 2429 1274 2462 Neaeram
1297 2429 1461 2467 oratione,
1485 2427 1620 2460 crimini
1642 2427 1775 2466 dantes,

1105 2474 1197 2519 quod
1226 2475 1405 2507 mulierem
1438 2473 1635 2507 conditione
1663 2473 1777 2505 servili

1105 2526 1232 2560 natam,
1259 2520 1485 2563 peregrinam,
1512 2524 1544 2551 et
1571 2529 1657 2562 quae
1682 2529 1775 2550 scor-

1104 2572 1180 2599 tum
1209 2566 1387 2609 publicum
1417 2565 1499 2598 olim
1528 2564 1660 2602 fuisset,
1691 2563 1774 2606 ipse,

1105 2612 1163 2655 qui
1202 2612 1284 2644 civis
1318 2610 1538 2643 Atheniensis
1579 2614 1679 2647 esset,
1713 2619 1776 2651 pro

1104 2668 1210 2689 uxore
1250 2656 1403 2699 legitima
1449 2661 1481 2688 et
1521 2653 1775 2687 matrefamilias

1105 2702 1198 2735 domi
1222 2702 1373 2740 haberet,
1393 2701 1534 2745 ejusque
1553 2699 1678 2732 liberos
1699 2699 1775 2731 vul-

1104 2759 1148 2790 go
1175 2747 1346 2791 quaesitos
1372 2758 1433 2790 pro
1458 2745 1617 2788 ingenuis
1645 2750 1677 2776 et
1703 2744 1774 2776 suis

1104 2794 1205 2825 ferret
1239 2798 1339 2836 atque
1368 2803 1430 2835 pro
1459 2791 1584 2823 talibus
1617 2790 1774 2822 elocaret.

1106 2838 1302 2881 Stephanus
1319 2837 1375 2870 hic
1393 2835 1618 2870 Xenoclidem
1638 2839 1774 2884 poetam

1104 2895 1122 2916 a
1155 2895 1190 2916 se
1222 2888 1423 2916 accusatum
1463 2881 1602 2914 infamia
1642 2879 1773 2913 notaiit
