1925 3215
611 131 666 166 ΙΝ
701 131 1130 168 DEMOsTHENEM.

113 230 334 276 Ganymedes
353 232 482 264 formae
507 232 708 265 nobilitatus
727 234 836 266 excel—

160 277 264 310 lentia
284 288 380 318 1410,
401 288 453 310 20.

114 322 306 356 Gelarchns
333 323 608 367 (Agelarcbus?)
634 325 765 368 populo
792 326 837 358 A-

160 368 328 402 theniensi
370 381 387 402 e
431 369 569 403 Piraeeo
615 370 761 403 reditum
804 371 838 404 in

160 415 282 448 urbem
323 415 464 458 'paranti
511 417 663 460 quinque
713 417 840 450 talenta

159 460 361 500 crediderat,
397 473 483 506 quae
525 463 676 505 populus
712 462 740 495 ei
781 474 840 506 per

159 507 446 550 Aristophontem
469 507 617 541 reddidit
639 518 718 552 502,
740 518 790 552 17.

112 552 311 592 Geraestus,
355 554 632 597 promontorium
678 554 839 587 Euboeae

158 610 202 642 41)
229 611 306 642 pen.
348 599 406 632 ubi
435 599 614 643 Philippus
645 612 749 633 naves
776 601 838 633 At-

157 645 242 678 ticas
257 645 472 689 corripiebat.
501 653 662 689 vergente
677 646 719 679 ad
735 646 838 679 tinem

157 697 216 723 aut
242 691 314 735 jam
343 691 448 724 modo
472 699 609 735 peracto
633 692 723 725 bello
749 692 837 725 Pho-

158 737 241 776 cico,
263 737 492 770 insidiabatur
512 737 692 782 Philippus
712 738 838 772 Gerae-

159 788 213 815 sto
231 794 296 824 445
317 784 379 816 ult.

112 827 296 862 Glaucetes
319 829 363 862 ad
382 829 584 863 Mausolum
608 830 742 873 legatus
765 830 838 874 ipse

157 875 278 908 tertius
310 875 457 908 mittitur
489 885 566 919 703,
594 886 648 908 21.
696 877 839 910 crimina

157 921 231 965 ejus
268 927 492 965 exponuntur
520 932 597 965 740,
627 933 681 964 24.
726 922 838 955 fuerat

158 966 438 1000 Lacedaemoniis
476 973 509 1000 et
552 978 639 1000 xxx
680 969 837 1013 tyrannis

157 1012 293 1046 deditus
319 1013 403 1046 ibid.
439 1013 588 1057 praefuit
613 1013 777 1048 thesauro
802 1015 837 1048 in

157 1070 233 1092 arce
252 1059 318 1092 sito
338 1069 415 1103 741,
435 1073 466 1101 4.

110 1104 295 1138 Glaucetes
315 1105 549 1149 Cephisiensis
568 1106 666 1149 1358,
684 1116 737 1150 27.

111 1150 244 1184 Glauco
269 1157 302 1184 et
325 1151 492 1191 Glaucus,
514 1152 647 1191 fratres,
669 1153 835 1191 Oeenses,

157 1197 283 1230 falsum
297 1203 545 1231 testamentum
560 1198 762 1242 subjiciunt,
777 1211 837 1242 per

164 1243 251 1276 'uod
274 1243 454 1276 tentabant
477 1244 512 1276 in
534 1244 692 1287 Hagniae
718 1244 835 1277 haerc-

156 1257 297 1322 <ditatem
325 1289 482 1333 irrepere,
508 1289 568 1323 sed
593 1290 724 1323 fraudis
753 1303 835 1324 con-

156 1335 347 1368 vincuntur
366 1347 463 1379 1051,
482 1347 532 1379 13.

109 1380 256 1419 Glauco,
292 1381 537 1426 psephismatis
580 1389 731 1425 rogator,
766 1395 835 1428 quo

157 1428 281 1471 legatio
307 1427 350 1460 ad
378 1428 639 1472 Cersobleptem
668 1429 837 1462 mittenda

157 1473 365 1513 decernitur,
394 1485 481 1518 quae
508 1474 678 1508 Thracem
706 1475 750 1508 ad
781 1487 835 1508 ae-

157 1531 243 1564 quas
258 1519 403 1553 foederis
417 1531 497 1553 cum
516 1519 552 1552 P.
566 1521 607 1553 A.
621 1519 835 1554 conditiones

156 1565 310 1610 adigeret
328 1565 406 1611 678,
425 1577 457 1609 3.

110 1612 336 1651 Glaucothea,
355 1619 464 1645 mater
483 1611 666 1646 Aeschinis
687 1621 764 1657 270,
781 1624 835 1655 24.

158 1669 237 1702 320,
255 1667 306 1700 15.

109 1704 278 1744 Glaucus,
298 1704 444 1738 Oeensis
464 1714 562 1746 1051,
579 1715 630 1748 13.

110 1750 278 1789 Glaucus,
317 1750 511 1795 Carystius,
553 1750 693 1790 athleta,
727 1751 837 1785 victor

159 1796 396 1841 Olympiacus‚
436 1802 544 1830 aetate
586 1797 836 1831 Demosthenis

157 1843 325 1876 vetustior
342 1854 421 1887 331,
443 1853 473 1876 2.

110 1888 306 1932 Gorgopas,
341 1889 528 1932 imperator
567 1887 784 1928 Lacedaem.,
818 1901 838 1922 a

158 1934 309 1968 Chabria
335 1935 371 1967 in
399 1935 532 1979 Aegina
558 1941 734 1979 peremtus
755 1945 835 1980 479,

159 1980 213 2013 26.

111 2025 239 2071 Gylon‚
267 2032 445 2060 maternus
473 2038 558 2060 avus
588 2026 836 2060 Demosthenis

157 2072 236 2116 836,
256 2073 307 2105 18.

113 2117 272 2157 Habron,
293 2118 411 2152 Buseli
430 2118 521 2152 filius
540 2128 637 2163 1055,
658 2118 712 2152 26.

113 2164 373 2203 Habronichus‚
401 2165 596 2198 Aristotelis
627 2164 731 2203 filius,
759 2164 836 2197 Pal-

156 2210 306 2243 lenensis
325 2211 423 2254 1083,
444 2222 498 2244 21.

113 2255 283 2300 Hagnias,
307 2256 465 2297 Oeensis,
494 2257 613 2290 Buseli
639 2256 731 2290 filius
750 2266 837 2299 1050

158 2314 209 2346 sq.

113 2347 271 2391 Hagnias
300 2348 430 2392 junior,
465 2349 557 2382 1111118
598 2360 615 2382 6
650 2347 837 2381 Polemone

158 2393 260 2432 filius,
280 2405 384 2437 super
406 2395 505 2438 cujus
532 2393 739 2427 haereditate
765 2405 836 2427 cer-

157 2445 250 2472 tatur
265 2449 353 2480 1050
371 2451 421 2484 sq.
441 2446 514 2473 tota
529 2441 587 2473 illa
605 2440 769 2473 oratione.

113 2484 282 2528 Hagnias,
299 2486 415 2518 nescio
429 2486 499 2530 qui,
511 2485 719 2519 trierarchus
738 2497 837 2530 1219,

162 2531 213 2563 18.

113 2575 363 2619 Hagnophilus
380 2586 478 2620 1157,
497 2587 549 2620 13.

114 2621 304 2654 Haliartus.
340 2633 443 2665 opera
460 2622 733 2656 Atheniensibus
747 2622 838 2655 The-

158 2667 256 2700 banis
290 2667 325 2700 in
359 2668 488 2710 proelio
521 2667 614 2711 apud
641 2668 839 2701 Haliartum

158 2712 327 2745 adversus
376 2712 667 2746 Lacedaemonios
717 2720 840 2747 navata

159 2758 320 2791 laudatur
337 2770 381 2799 44
396 2770 473 2802 pen.
495 2759 572 2799 258,
591 2770 642 2792 10.

115 2803 390 2842 Halirrhothius,
419 2803 577 2847 Neptuni
606 2804 709 2843 filius,
740 2806 840 2849 cujus

161 2848 202 2882 de
220 2849 322 2882 caede
341 2860 454 2882 coram
474 2849 717 2893 Areopagitico
742 2862 840 2884 sena-

161 2901 200 2927 tu
224 2894 330 2927 Marti
354 2894 500 2928 dicenda
525 2895 591 2928 fuit
617 2906 740 2928 caussa
760 2895 840 2936 641,

162 2941 218 2973 26.

1527 138 1624 178 1⁴79

898 233 1122 267 Halonnesus
1153 241 1223 268 erat
1252 235 1531 276 Atheniensium,
1562 238 1622 270 sed

940 280 1122 313 tenebatur
1151 292 1170 314 a
1204 281 1334 324 piratis,
1365 294 1515 327 quorum
1551 283 1621 316 dux

939 332 1009 359 erat
1022 326 1163 371 quidam
1178 327 1356 361 Sostratus
1374 328 1448 367 162,
1463 340 1513 362 10.
1533 341 1622 374 quos

942 371 1122 416 Philippus
1150 372 1229 406 inde
1255 385 1335 407 cum
1360 374 1548 419 dejecisset,
1568 376 1620 408 in-

939 418 1050 451 sulam
1077 418 1141 451 sibi
1166 419 1361 461 arrogabat,
1380 427 1413 454 et
1436 432 1621 464 reposcen—

938 463 1032 496 tibus
1052 464 1325 498 Atheniensibus
1344 466 1467 506 aiebat,
1485 467 1620 500 αἰτοῦσι

937 509 1071 549 δώσειν,
1106 511 1257 554 gratuito
1293 511 1517 551 donaturum,
1549 524 1622 546 non

937 561 1064 595 autem,
1092 556 1186 601 quod
1212 557 1444 591 Athenienses
1475 565 1619 592 conten-

937 600 1078 641 debant,
1105 603 1307 636 ἀπαιτοῦσιν
1331 603 1534 644 ἇποδώσειν,
1566 617 1619 638 re-

938 648 1162 690 poscentibus
1189 655 1226 682 ut
1250 661 1348 682 suam
1373 649 1414 683 de
1437 651 1515 694 jure
1542 651 1620 684 red-

937 693 1094 727 diturum
1118 694 1261 739 162,17.
1308 696 1499 729 orationem
1534 708 1618 739 ergo

936 738 978 771 de
1000 739 1203 773 Ilalonneso
1217 741 1275 786 qui
1295 742 1444 785 scripsit,
1460 739 1619 787 quisquis

935 792 997 823 est,
1024 786 1051 818 is·
1082 793 1202 819 auctor
1232 794 1282 820 est
1313 788 1446 820 civibus
1474 795 1512 821 ut
1544 800 1619 821 eam

936 831 1170 865 conditionem
1202 833 1384 876 repudient
1413 838 1466 876 76,
1491 834 1533 867 ad
1561 836 1618 867 88.

935 877 1162 919 postmodum
1181 890 1200 911 a
1221 878 1430 922 l'eparethiis
1449 886 1549 924 capta
1568 887 1620 913 est

936 923 1060 962 insula,
1086 924 1155 968 qui,
1183 936 1294 968 neque
1325 925 1475 958 insulam
1508 938 1621 970 neque

935 969 1103 1011 praesidia
1124 969 1283 1014 Philippo
1303 970 1498 1011 reddentes,
1516 971 1560 1004 ab
1579 983 1620 1005 eo

935 1016 1047 1048 vexati
1089 1022 1194 1049 sunt:
1230 1028 1350 1049 verum
1386 1017 1619 1051 Athenienses

935 1072 993 1093 eos
1012 1061 1201 1095 tuebantur
1217 1064 1291 1099 162,
1312 1072 1343 1104 5.

891 1105 1015 1146 1131118,
1053 1108 1220 1151 oppidum
1255 1109 1455 1142 Thessaliae
1478 1120 1552 1153 132,
1584 1123 1618 1151 4.

933 1152 1057 1192 Ἁλεῖς,
1087 1153 1258 1187 Halenses
1285 1165 1438 1199 352.17.
1465 1166 1545 1199 353,
1566 1167 1618 1199 13.

936 1198 1146 1232 scholiastes
1173 1200 1220 1233 ibi
1246 1200 1291 1233 ait
1315 1201 1511 1234 l‘barsalios
1539 1201 1620 1235 Phi-

935 1245 1030 1289 lippo
1057 1245 1245 1286 studuisse,
1277 1246 1446 1280 Halenses
1470 1247 1619 1281 Atheni-

936 1291 1099 1330 ensibus3
1128 1292 1327 1336 Philippum
1343 1304 1426 1335 ergo
1444 1293 1528 1326 haec
1546 1305 1619 1326 am-

936 1337 980 1369 bo
1004 1337 1130 1381 oppida
1156 1339 1288 1371 mutuis
1315 1338 1413 1371 bellis
1434 1339 1524 1372 inter
1545 1351 1620 1373 sese

936 1384 1162 1417 commisisse.
1215 1384 1340 1423 1131118,
1360 1391 1398 1417 ut
1417 1396 1436 1418 a
1457 1385 1619 1429 Philippo

933 1428 1050 1462 diruta
1073 1437 1176 1474 atque
1198 1430 1351 1463 desolata
1371 1431 1450 1469 fuit,
1472 1430 1618 1465 Pharsa-

935 1475 988 1507 liis
1012 1482 1062 1508 est
1089 1477 1257 1519 permissa
1275 1486 1354 1519 353,
1375 1486 1426 1518 15.
1479 1477 1618 1510 Parme-

936 1521 1017 1554 nion
1048 1521 1181 1555 Halum
1214 1523 1431 1566 oppugnavit
1457 1533 1535 1567 392,
1563 1534 1618 1557 20.

935 1579 1004 1611 quo
1023 1573 1178 1611 ternpore
1194 1568 1425 1602 Athenienses
1444 1580 1525 1602 cum
1539 1569 1619 1602 Phi—

935 1613 1028 1657 lippo
1044 1613 1087 1646 de
1105 1625 1187 1657 pace
1205 1621 1346 1658 agerent
1360 1615 1439 1656 448,
1456 1616 1508 1648 18.
1536 1615 1618 1648 Ρ111-

935 1659 1052 1703 lippus
1088 1659 1261 1693 Halenses
1301 1667 1333 1693 et
1367 1660 1565 1694 Pharsalios
1599 1673 1619 1694 a

936 1717 1018 1748 pace
1043 1706 1202 1739 exclusos
1223 1706 1370 1746 volebat,
1389 1712 1422 1740 et
1443 1707 1516 1751 jam
1536 1707 1620 1740 Phi-

935 1752 1079 1784 locrates
1093 1763 1214 1785 eorum
1232 1753 1375 1785 nomina
1391 1759 1618 1796 expunxerat‚

935 1809 1055 1830 verum
1077 1797 1115 1831 P.
1136 1799 1178 1830 A.
1199 1797 1344 1841 cogebat
1369 1809 1450 1831 eum
1476 1810 1515 1832 63
1540 1810 1618 1832 1111-

936 1854 995 1875 8118
1018 1843 1204 1876 inscribere
1222 1855 1300 1887 391,
1320 1856 1353 1885 4.
1388 1844 1616 1878 nihilominus

935 1895 1051 1922 tamen
1077 1889 1218 1933 perfecit
1238 1886 1419 1934 Philippus
1437 1896 1476 1923 ut
1499 1891 1617 1924 exclu-

936 1934 1101 1968 derentur
1117 1944 1195 1980 395,
1216 1945 1271 1980 25.

892 1979 1073 2014 Harmodii
1096 1987 1129 2014 et
1149 1981 1410 2026 Aristogitonis,
1428 1981 1617 2026 tyrannici-

935 2026 1070 2065 darum,
1089 2027 1218 2071 posteri
1239 2028 1414 2061 immunes
1433 2034 1541 2068 erant,
1559 2039 1618 2061 ve-

935 2079 1132 2106 rumtamen
1164 2084 1234 2106 non
1265 2085 1386 2106 eorum
1416 2085 1616 2111 munerum,

935 2118 1062 2163 quibus
1096 2119 1223 2163 patriae
1257 2120 1350 2152 salus
1382 2120 1618 2153 contineretur

935 2164 1016 2206 462,
1033 2165 1084 2198 18.

890 2209 1067 2254 Harpalus
1105 2210 1427 2255 Amphipolitarum
1476 2211 1616 2245 obsides

937 2256 1101 2300 Iphicrati
1118 2256 1223 2290 tradit
1242 2257 1322 2301 669,
1339 2268 1392 2291 10.

890 2301 1035 2346 Harpali
1060 2303 1146 2347 ejus,
1166 2303 1224 2347 qui
1250 2303 1440 2336 Alexandri
1467 2303 1519 2336 M.
1541 2303 1616 2336 the-

936 2359 1057 2381 sauros
1105 2349 1315 2392 compilavit,
1363 2360 1505 2382 caussae
1554 2349 1617 2382 ob-

936 2394 1081 2427 noxium
1099 2406 1134 2427 se
1154 2401 1256 2439 negat
1271 2407 1345 2428 esse
1360 2394 1618 2428 Demosthenes

939 2448 1038 2483 1470,
1058 2450 1099 2472 22
1120 2452 1171 2484 sq.

891 2485 1102 2530 Hedyleum,
1120 2485 1289 2529 oppidum
1313 2486 1518 2519 Boeoticum
1536 2485 1617 2529 387,

940 2543 952 2564 1
964 2543 992 2564 1.

891 2576 1064 2621 lledylus,
1084 2576 1174 2609 filius
1194 2576 1365 2619 Pamphili
1382 2585 1480 2620 1015,
1497 2577 1549 2609 18.

895 2622 1091 2666 Hegemon,
1110 2628 1226 2654 orator
1243 2621 1284 2654 de
1302 2622 1450 2655 factione
1472 2621 1620 2666 Philippi

937 2678 1005 2711 320
1030 2679 1109 2711 pen.
1157 2679 1235 2700 eum
1265 2679 1284 2699 a
1314 2679 1350 2700 se
1376 2667 1619 2700 denuntiatum

938 2713 1157 2756 Aristogiton
1175 2713 1291 2745 numis
1313 2713 1469 2756 placatus
1488 2712 1620 2746 dimisit

940 2759 1018 2799 -84,
1038 2758 1088 2791 16.

894 2781 1112 2848 1161368116118,
1133 2803 1262 2836 Eubuli
1281 2809 1465 2847 cognatus,
1479 2803 1538 2848 qui
1556 2815 1618 2847 pro

937 2851 994 2883 illo
1013 2849 1057 2882 ob
1076 2860 1148 2881 rem
1166 2849 1203 2881 in
1218 2848 1361 2882 Euboea
1377 2850 1466 2882 male
1484 2855 1619 2892 gestam

939 2895 1060 2939 capitis
1081 2901 1243 2927 accusato
1270 2894 1382 2928 dicere
1407 2895 1519 2927 noluit
1537 2905 1617 2937 434,

944 2952 996 2982 14.
1042 2940 1158 2983 copias
1186 2940 1452 2974 Atheniensium
1480 2940 1516 2973 in
1545 2939 1617 2973 Eu-

1002 2985 1105 3024 er
