1935 3200
299 143 411 182 1354
806 141 866 181 IN
900 142 1309 183 THEOGRINEM.

292 247 485 287 maehum
517 261 624 293 011111,
664 246 733 299 qui
770 251 818 286 ut
855 247 974 288 καλὸς
1011 249 1181 299 κάγαθὸς
1213 248 1354 288 multis
1389 248 1579 289 laudibus
1609 263 1635 289 a
1667 249 1811 289 Xeno-

292 303 450 356 phonte
473 302 625 342 Oecon.
649 317 684 342 c.
709 305 746 341 6.
770 307 813 342 et
836 314 872 352 7.
896 303 1352 357 ornatur—Epicharis
1380 304 1677 358 olympionicae
1701 305 1811 345 filius

291 359 333 398 id
356 358 525 398 honoris
554 358 777 398 memoriae
798 359 887 411 ejus
913 360 1074 407 tribuit,
1098 364 1145 400 ut
1166 360 1250 399 filio
1275 361 1363 414 ejus
1386 361 1634 401 Oharidemo
1656 361 1811 401 victum

292 415 334 453 in
356 419 558 468 prytaneo
580 419 761 469 rogaret.
796 415 902 454 Eam
923 416 1184 469 rogationem
1203 417 1452 456 Theocrines
1475 417 1531 456 sic
1552 417 1811 471 impugnavit

292 471 462 524 ejusque
484 485 631 511 caussa
652 475 890 525 rogatorem
911 473 1146 523 παρανόμων
1167 472 1209 511 in
1225 472 1429 526 judicium
1448 473 1676 521 arcessivit,
1699 477 1747 513 ut
1767 473 1810 512 in

289 527 479 567 fraudem
501 527 736 567 Oharidemi
765 528 920 567 factam
950 543 1041 568 eam
1071 528 1258 575 diceret3
1293 529 1402 568 hunc
1433 529 1553 576 enim,
1576 533 1623 569 ut
1650 530 1704 569 ab
1727 530 1811 569 Ae-

293 583 435 637 schylo
470 584 731 637 adoptatmn,
770 598 852 623 non
887 584 1063 637 amplius
1096 599 1117 624 0
1154 585 1276 624 domo
1312 585 1573 625 Ischomachi
1607 600 1724 629 esse;
1755 586 1810 625 ad

293 654 418 692 quam
440 639 473 678 si
502 640 671 687 rediret,
695 639 920 680 verendum
949 655 1037 680 esse
1058 655 1110 680 ne
1131 641 1383 694 patrimonio
1406 641 1601 696 Aeschyli
1629 641 1809 695 privare-

293 700 376 735 tur.
412 696 618 736 MEIER.
645 696 876 736 Comment.
901 697 951 736 (le
972 697 1059 737 vita
1082 697 1264 751 Lycurgi
1285 713 1324 751 p.
1348 711 1439 752 109.

354 765 474 807 1331,
500 765 562 792 22.
601 753 746 805 λέγων]
784 752 880 792 Hoc
915 752 1047 804 λέγων
1082 758 1125 793 et
1157 755 1401 805 ψευδόμενος
1432 768 1468 793 V.
1495 755 1574 801 26„
1598 754 1709 807 quod
1745 758 1809 794 est

293 807 453 848 dictum
490 809 532 849 ἓν
568 811 630 849 διὰ
666 813 771 848 δυοῖν
812 823 887 862 pro
922 813 1075 861 ψευδῶς
1109 809 1249 860 λέγων,
1286 810 1340 849 ad
1377 809 1651 849 Theocrinem
1683 809 1806 850 redit.

296 864 454 905 Caussa
475 865 577 905 haec
599 865 836 905 Charidemi
857 865 977 919 plane
999 866 1118 905 nobis
1140 870 1204 905 est
1226 867 1416 906 obscura.
1450 867 1653 905 REISK.

357 934 475 975 1332,
503 935 567 963 12.
597 921 1067 975 ἀποφέρει-κακώσεως]
1090 925 1154 971 τῆς
1175 922 1355 973 γυναικὸς
1380 922 1577 962 subaudit
1600 921 1741 961 Reisk.
1764 921 1807 961 in

294 975 388 1016 Ind.
422 976 654 1018 Graecitat.
687 992 718 1017 s.
745 992 781 1017 v.
818 977 992 1018 κάκωσις.
1057 979 1192 1017 Immo
1229 979 1280 1017 de
1316 992 1444 1031 puero
1480 977 1806 1032 intelligendum.

296 1032 466 1074 Monuit
487 1033 615 1074 etiam
639 1033 851 1074 Matthiae
876 1033 1048 1073 Miscell.
1074 1033 1223 1073 Philol.
1247 1034 1324 1073 vol.
1349 1047 1380 1074 1.
1405 1049 1445 1088 p.
1465 1046 1558 1088 234.
1584 1035 1808 1074 SCHAE-

355 1158 476 1199 1332,
503 1159 565 1197 14.
592 1147 653 1186 καὶ
682 1147 813 1186 δίδωσι
840 1146 936 1197 πρὸς
956 1146 1024 1195 τὴν
1044 1147 1174 1199 λῆξιν]
1203 1147 1231 1185 J
1237 1147 1428 1200 ungenda
1451 1147 1511 1186 καὶ
1531 1146 1636 1197 πρὸς,
1650 1153 1807 1200 praete-

293 1215 446 1255 reaque,
470 1201 639 1255 adeoque
655 1218 666 1240 .·
700 1207 746 1242 ut
768 1202 823 1242 sit
844 1202 868 1242 i.
894 1217 932 1255 q.
956 1204 1017 1241 καὶ
1038 1203 1170 1242 δίδωσι
1192 1204 1303 1242 δὲ-.
1338 1203 1597 1242 SCHAEF.

348 1257 542 1311 παρέδρῳ]
567 1258 749 1309 πάρεδροι
777 1263 875 1298 sunt
895 1272 1124 1298 assessores
1144 1258 1249 1311 juris
1279 1258 1452 1298 scientia
1478 1258 1627 1298 imbuti
1654 1258 1805 1298 additi-

293 1328 373 1366 que
392 1313 441 1352 iis
466 1313 795 1367 magistratibus,
818 1314 900 1368 qui.
924 1319 1036 1354 sorte
1065 1314 1213 1354 delecti
1236 1315 1289 1354 ad
1311 1329 1460 1354 munus
1481 1314 1650 1368 aliquod
1669 1313 1802 1368 publi-

293 1384 387 1408 cum
417 1369 805 1419 admi11istrandum,
839 1371 881 1410 id
913 1374 1086 1424 propter
1118 1370 1370 1424 imperitiam
1401 1375 1476 1411 aut
1511 1371 1623 1410 aliud
1658 1370 1805 1410 vitium

290 1426 410 1479 plene
437 1426 606 1479 exsequi
633 1441 715 1466 non
742 1432 951 1481 poterant.
1014 1427 1082 1467 Ita
1109 1441 1144 1466 c.
1171 1426 1318 1467 Neaer.
1341 1442 1381 1480 p.
1402 1439 1525 1480 1372,
1548 1439 1614 1478 24.
1646 1428 1708 1466 διὰ
1734 1426 1805 1475 τὴν

292 1482 470 1533 ἀπειρίαν
490 1487 566 1522 τῶν
587 1483 823 1535 πραγμάτων
845 1483 906 1522 καὶ
930 1484 999 1533 τὴν
1021 1485 1184 1523 ἀκακίαν
1204 1483 1275 1532 τὴν
1297 1485 1432 1523 ἑαυτοῦ
1454 1486 1590 1522 τοῦτον
1611 1482 1805 1533 πάρεδρον

291 1538 508 1588 ποιήσαιτο,
531 1540 596 1578 ἵνα
616 1539 789 1589 διοικήσῃ
811 1540 880 1589 τὴν
902 1539 1038 1591 ἀρχήν.
1092 1539 1159 1579 lta
1180 1539 1307 1579 etiam
1328 1554 1362 1578 c.
1387 1539 1565 1579 Midiam
1586 1553 1625 1592 p.
1647 1550 1743 1592 572,
1764 1551 1803 1591 9.

291 1594 422 1645 ἕτερος
457 1596 602 1635 ἀδικεῖν
633 1595 715 1635 ποτ’
745 1596 998 1646 ἔδοξεν-καὶ
1031 1594 1412 1648 κατεχειροτονήσατ’
1447 1595 1563 1635 αὐτοῦ
1599 1595 1804 1646 παρεδρεύ-

291 1667 403 1692 οντος
424 1651 584 1703 ἄρχοντι
604 1655 655 1705 τῷ
677 1653 762 1692 υἱεῖ.
821 1651 1103 1705 Harpocratio
1124 1652 1166 1690 in
1188 1666 1223 1691 V.
1241 1668 1248 1691 ε
1282 1652 1383 1691 πολύ
1405 1653 1489 1691 ἐστι
1509 1651 1679 1700 τοῦνομα
1699 1649 1804 1702 παρά

290 1722 332 1745 τε
364 1710 442 1748 τοῖς
472 1706 632 1758 ῥήτορσι
669 1709 730 1747 καὶ
765 1709 808 1747 ἐν
841 1709 884 1762 τῇ
918 1710 1059 1761 ἀρχαίᾳ
1093 1708 1278 1760 κωμῳδίᾳ.
1318 1706 1593 1757 Ἀριστοτέλης
1623 1706 1655 1745 δ”
1685 1707 1728 1746 ἐν
1757 1709 1803 1761 τῇ

288 1762 506 1812 Ἀθηναίων
533 1764 709 1817 πολιτείᾳ
737 1765 846 1815 φησί·
889 1764 1148 1814 Λαμβάνουσι
1176 1765 1217 1802 δὲ
1244 1764 1455 1814 παρέδρους
1477 1764 1499 1801 ὅ
1525 1779 1567 1801 τε
1589 1763 1720 1814 ἄρχων
1742 1762 1803 1801 καὶ

289 1818 309 1856 ὁ
331 1818 590 1870 πολέμαρχος,
614 1820 679 1859 δύο
709 1820 899 1870 ἑκάτερος,
922 1821 985 1861 οὓς
1013 1820 1061 1859 ἂν
1081 1820 1282 1869 βούληται·
1317 1820 1377 1858 καὶ
1403 1820 1506 1859 οὗτοι
1536 1818 1802 1868 δοκιμάζονται

290 1875 333 1913 ἐν
355 1875 404 1928 τῷ
427 1877 668 1928 δικαστηρίῳ,
689 1877 781 1925 πρὶν
807 1877 1069 1927 παρεδρεύειν,
1093 1876 1154 1914 καὶ
1177 1875 1336 1917 εὐθύνας
1357 1876 1543 1922 διδόασιν,
1568 1875 1665 1913 ἐπὰν
1686 1890 1802 1925 παρε-

289 1931 488 1980 δρεύωσιν.
550 1931 673 1970 Adde
703 1931 917 1985 Sigonium
944 1932 995 1971 de
1023 1931 1198 1984 Republ.
1222 1930 1377 1971 Athen.
1398 1945 1441 1982 4,
1462 1943 1501 1984 3.
1523 1934 1566 1970 et
1591 1929 1802 1969 Pollucem

290 1986 327 2033 8,
356 1999 422 2038 92.
458 1986 718 2027 TAYLOR.

349 2054 470 2095 1333,
500 2055 560 2096 13.
581 2045 797 2097 Τενεδίοις]
824 2044 888 2083 De
916 2044 994 2083 hoc
1022 2043 1306 2097 psephismate
1327 2058 1364 2083 v.
1387 2041 1621 2082 Boeckhius
1650 2041 1701 2080 de
1723 2040 1801 2081 Oe-

289 2111 378 2136 con
405 2098 561 2138 Athen.
583 2099 658 2138 vol.
682 2113 715 2138 1.
738 2115 778 2153 p.
795 2110 892 2153 451.
926 2101 990 2138 S(
998 2100 1185 2138 HAEF.

351 2166 470 2206 1333,
497 2166 560 2206 17.
602 2154 688 2218 παρ’
720 2155 990 2208 (ὗν-λαβεῖν]
1024 2155 1064 2193 A
1096 2154 1246 2207 quibus
1285 2168 1405 2194 nemo
1445 2153 1542 2193 velit
1583 2152 1802 2215 pecuniam

287 2208 488 2271 accipeie,
517 2214 560 2249 et
587 2224 638 2250 ne
666 2210 707 2249 in
734 2216 916 2250 mentem
947 2210 1112 2264 quidem
1143 2210 1221 2249 sibi
1250 2210 1388 2249 venire
1415 2223 1530 2262 spem
1559 2207 1717 2248 felendi
1745 2209 1799 2248 ab

288 2263 338 2303 iis
358 2264 533 2327 alicujus
557 2266 836 2315 emolumenti,
861 2267 971 2318 quod
1000 2265 1108 2305 inter
1136 2280 1278 2305 omnes
1305 2269 1469 2305 constet
1495 2279 1564 2304 eos
1590 2278 1673 2302 non
1699 2263 1799 2303 dare

287 2320 515 2373 pecuniam,
548 2322 620 2360 sed
651 2321 827 2375 exigeie.
859 2322 1062 2361 REISK.
1125 2321 1232 2369 Hoc,
1257 2321 1414 2374 opinor,
1443 2320 1621 2360 dicitur:
1655 2333 1682 2359 a
1711 2319 1798 2372 qui-

287 2376 365 2415 bus
395 2390 446 2415 ne
482 2390 588 2416 unus
623 2377 787 2431 quidem
819 2377 1006 2430 accipere
1037 2376 1079 2415 in
1112 2376 1296 2416 animum
1330 2376 1513 2425 inducat,
1546 2375 1657 2429 quod
1692 2375 1798 2415 tales

287 2436 489 2481 oratores,
530 2432 564 2472 si
604 2432 777 2486 pecunia
817 2432 997 2473 emuncti
1049 2432 1144 2480 sint,
1185 2432 1372 2486 inprimis
1421 2431 1551 2472 metui
1591 2434 1797 2484 oporteat.

348 2557 468 2598 1333,
494 2556 558 2587 22.
597 2544 722 2586 δεινὸς
754 2544 826 2596 γάρ
864 2544 962 2597 ἐστι]
996 2544 1110 2584 Ante
1142 2544 1242 2584 haec
1273 2545 1382 2584 adde
1412 2544 1540 2584 tacite
1570 2543 1613 2583 in
1642 2547 1794 2592 mente,

287 2614 380 2640 cum
410 2600 522 2654 legis,
553 2600 605 2650 μὴ
634 2602 848 2648 πιστεύετε,
879 2600 998 2640 nolite
1027 2600 1188 2640 credere.
1223 2601 1424 2640 REISK.
1486 2600 1570 2640 Gur
1596 2599 1673 2639 hoc
1702 2599 1795 2638 sub-

285 2656 532 2697 audiamus?
563 2655 770 2697 Caussalis
797 2655 1004 2709 particula
1024 2656 1241 2696 referenda
1265 2657 1319 2696 ad
1341 2656 1460 2707 φήσει
1479 2671 1488 2695 :
1520 2655 1671 2708 quippe
1692 2653 1795 2694 talia

287 2712 421 2752 dicere
443 2717 585 2752 orator
605 2711 666 2752 ait
687 2726 775 2752 esse
795 2711 973 2751 hominis
995 2715 1122 2751 δεινοῦ
1143 2714 1382 2759 ψεύσασθαι.
1416 2710 1666 2752 SOHAEF.

348 2781 467 2821 1334,
496 2782 528 2808 1.
563 2769 736 2818 διότι-ἡ
764 2768 911 2821 γραφή]
945 2768 1162 2808 Sententia
1191 2768 1355 2808 videtur
1385 2782 1473 2808 esse
1500 2767 1625 2807 haec:
1660 2765 1792 2805 Theo-

286 2823 440 2864 crinem
469 2838 551 2863 non
582 2824 663 2864 alia
693 2825 744 2864 de
776 2838 922 2864 caussa
951 2824 1184 2877 majestatis
1219 2838 1435 2864 accusasse
1466 2822 1791 2862 Demosthenem

286 2894 408 2932 quam
430 2884 477 2920 ut
504 2880 581 2920 hoc
609 2881 784 2920 obtentu
812 2894 909 2920 suae
934 2880 1131 2920 adversus
1159 2894 1252 2919 eum
1280 2879 1503 2920 simultatis
1523 2883 1567 2919 et
1588 2877 1790 2931 jactanda

286 2936 340 2974 ad
371 2936 567 2989 populum
599 2950 674 2977 sua
708 2936 920 2990 vigilantia
951 2940 993 2976 et
1025 2936 1256 2976 acerbitate
1287 2950 1387 2989 erga
1418 2949 1571 2983 omnes,
1604 2934 1673 2987 qui
1704 2947 1789 2973 ma-
