1925 3215
601 137 821 178 oRA'rio
860 137 892 176 1³
902 136 1171 176 [JNEBIMS.
1536 136 1647 176 1407

194 257 310 297 1392,
335 245 372 283 8.
401 243 576 298 ἠδίκουν]
602 244 731 284 Recte
759 243 938 283 refertur
965 242 1018 281 ad
1047 242 1116 281 τὸν
1141 242 1288 280 στόλον
1318 246 1364 279 ut
1392 239 1646 279 collectivum

131 315 291 340 nomen.
327 301 584 340 SCHAEF.

193 369 312 410 1392,
340 367 401 410 ¹5·
425 355 746 407 ἀπηριθμηκέναι]
777 354 1030 408 Simpliciter
1058 367 1334 400 enumerasse,
1358 365 1438 391 non
1466 351 1648 392 oratorie

130 418 396 467 persecutum
418 427 518 453 esse.
552 411 802 453 SUHAEF.

193 481 311 521 1392,
337 481 401 510 22.
424 471 492 510 τὰς
513 470 651 520 φύσεις
671 468 774 517 ἦσαν
796 465 1021 519 συγγενεῖς]
1047 465 1291 514 Quomodo?
1322 464 1384 503 Ut
1406 464 1585 515 majores
1609 469 1651 502 et

131 525 301 579 posteri.
356 525 464 565 Nam
485 525 538 564 ad
561 524 847 564 Chaeroneam
869 521 1078 562 interfecti
1100 521 1153 561 ab
1176 521 1253 560 illis
1278 521 1502 560 Persarum
1525 519 1651 559 vieto-

133 581 247 621 ribus
267 581 433 621 oriundi
454 582 635 621 fuerunt.
670 580 859 618 WOLF.

194 649 313 690 1392,
339 651 403 690 25.
439 635 947 687 κάκείνους-ἀμφοτέροις]
987 633 1142 673 Verte:
1177 646 1260 672 rem
1282 633 1377 685 fore
1410 645 1530 685 neque
1566 631 1651 670 illis

132 694 335 747 inyratam
357 700 392 733 et
413 693 586 747 utrisque
602 692 884 746 yratissinmm.
918 689 1169 730 SCHAEF.

198 762 315 803 1392,
348 760 411 802 27.
447 751 489 789 ἐν
525 750 574 802 τῷ
607 749 749 799 μεταξὺ
782 748 1004 797 διαλαβεῖν]
1040 746 1335 798 Interrumpere
1367 749 1532 783 tenorem
1565 757 1654 783 ora-

134 806 263 847 tionis.
327 806 503 846 Poterat
530 805 587 844 sic
615 803 769 845 scribi:
801 803 949 855 ἀνάγκη
980 804 1021 842 δὲ
1045 801 1187 852 μεταξὺ
1215 800 1387 852 λέγοντα
1412 799 1485 850 πρὸ
1515 802 1652 838 τοῦ-.

135 861 384 904 SCHAEF.

199 931 318 972 1392,
343 918 405 957 28.
429 916 510 970 καὶ]
534 917 687 957 Etiam.
752 915 860 956 Nam
888 918 1162 969 cognatorum
1189 911 1476 952 benevolentIa
1504 915 1656 964 parata

135 979 240 1015 crat.
272 973 521 1015 SOHAEF.
635 971 637 973 ’

198 1044 316 1085 1393,
340 1032 379 1069 6.
410 1031 581 1080 τούτους]
618 1027 703 1068 Alii
734 1027 826 1068 libri
858 1028 1009 1067 τούσδε.
1071 1024 1190 1066 Conf.
1221 1039 1260 1077 p.
1285 1024 1404 1077 1389,
1430 1035 1494 1075 27.
1534 1036 1653 1077 1390,

141 1088 204 1127 18.
233 1099 351 1141 1392,
376 1086 441 1128 28.
468 1087 588 1140 1396,
609 1086 729 1125 6.10.
752 1096 814 1134 17.
845 1094 964 1138 1397,
987 1096 1048 1122 11.
1083 1081 1346 1121 SCHAEF.

198 1157 318 1197 1393,
343 1155 380 1193 7.
404 1140 771 1195 συμβουλομένους]
795 1141 874 1180 Est
896 1139 1096 1180 Latinum
1121 1137 1295 1184 volentes,
1317 1136 1356 1176 h.
1379 1150 1414 1175 e.
1439 1134 1657 1176 benevolen-

136 1206 200 1248 tes,
211 1201 407 1253 faventes.
440 1197 690 1239 SGHAEF.

195 1259 239 1306 τῇ
261 1254 471 1309 προθυμίᾳ]
496 1255 631 1306 καίπερ
652 1254 978 1305 προθυμούμενος.
1012 1248 1265 1291 SCHAEF.

202 1325 321 1365 1393,
351 1325 411 1352 10.
446 1310 644 1362 αὐτάρκεις
679 1310 762 1362 ἔχει
794 1312 862 1351 τὰς
893 1307 1062 1360 ὀνήσεις]
1101 1305 1244 1346 Uberes
1272 1304 1354 1344 suis
1381 1303 1660 1356 possessoribus

128 1369 292 1422 fluetus
315 1367 570 1422 suppeditant
597 1381 666 1406 ‘nec
692 1366 835 1406 alienis
861 1363 1123 1405 adminiculis
1150 1367 1268 1416 efflent.
1314 1362 1508 1411 αὔταρκες,
1538 1363 1660 1414 see'pso

140 1431 368 1473 contentum,
391 1424 497 1478 quod
518 1423 648 1477 ipsum
669 1421 747 1462 sibi
773 1422 869 1462 satis
890 1426 954 1469 est,
976 1419 1080 1474 quod
1098 1418 1207 1458 nibil
1230 1416 1395 1457 aliunde
1417 1417 1585 1470 requirit
1605 1416 1663 1456 acl

138 1495 176 1521 se
195 1481 395 1521 tuendum.
428 1479 621 1519 WOLF.

202 1551 322 1591 1393,
351 1549 414 1576 11.
445 1535 508 1591 ἐν]
533 1537 580 1575 F.
605 1535 833 1576 delendum.
877 1533 1002 1587 iisque
1026 1531 1188 1571 vineunt
1212 1529 1431 1583 quicunque
1447 1528 1658 1582 possident.

143 1593 393 1634 SCHAEF.

204 1662 323 1703 1393,
351 1661 412 1702 15.
433 1650 545 1703 ῥηθῇ]
573 1645 915 1702 Impersonaliter
936 1644 1105 1685 dictum.
1138 1641 1383 1683 SCHAEF.

205 1719 324 1759 1393,
352 1707 414 1745 16.
453 1705 523 1744 κᾶν
555 1704 778 1757 ὑπερβάλῃ]
816 1701 1002 1743 Subaudi
1038 1717 1095 1742 τις
1126 1703 1201 1739 aut.
1234 1700 1253 1738 ὁ
1286 1697 1430 1748 λέγων.
1463 1695 1659 1736 REISK.

146 1761 378 1816 Simplicius
402 1761 582 1800 Wolfius
602 1760 657 1801 ad
677 1761 699 1811 ἡ
720 1764 796 1799 τῶν
817 1760 950 1810 λόγων
970 1758 1090 1797 πειθὼ
1111 1756 1250 1795 refert.
1285 1753 1545 1793 SCHAEF.

200 1818 399 1870 προσέστη
420 1822 500 1859 τοῖς
521 1817 719 1870 ἀκούουσι]
738 1816 900 1855 Assistit
919 1812 1186 1857 audientibus,
1205 1811 1248 1850 id
1269 1814 1344 1856 est,
1364 1809 1522 1860 offendit
1542 1808 1659 1848 aledi-

143 1881 258 1916 entes.
305 1874 369 1914 De
390 1874 467 1913 hac
490 1873 632 1927 phrasi
655 1872 834 1912 diximus
856 1871 898 1910 in
922 1868 1122 1909 Isocratis
1145 1867 1262 1907 Vita..
1290 1865 1482 1905 WOLF.
1531 1864 1583 1904 V.
1606 1864 1660 1904 ad

147 1931 320 1984 Dionys.
345 1929 482 1970 Halic.
506 1930 557 1969 de
579 1930 624 1970 O.
665 1929 720 1969 V.
738 1943 779 1982 p.
799 1941 890 1979 140.
923 1924 1171 1966 SCHAEF.

208 2001 326 2041 1393,
355 1988 416 2026 18.
446 1986 541 2036 πρὸς
569 1986 698 2027 αὐτοῖς
726 1986 802 2035 εἰμὶ
829 1987 907 2025 τοῖς
933 1980 1080 2035 ἔργοις]
1104 1980 1177 2020 Ad
1203 1979 1291 2033 ipsa
1318 1977 1456 2018 borum
1483 1977 1661 2017 virorum

135 2045 257 2098 facta
278 2043 432 2083 accessi.
470 2041 727 2081 SCHAEF.

208 2112 331 2153 1393,
354 2110 419 2139 20.
444 2100 497 2140 εἰς
519 2099 588 2138 ἕνα
610 2097 759 2150 καιρὸν]
788 2100 854 2136 τοῦ
877 2098 944 2135 νῦν
965 2093 1112 2146 λέγειν.
1148 2090 1398 2132 SCHAEF.

211 2169 328 2210 1393,
353 2167 417 2208 27.
450 2156 539 2207 ἴχνη
567 2153 883 2205 γνωρίζουσα-]
912 2150 1112 2191 Memoria
1140 2154 1391 2202 conviatorum
1419 2145 1472 2185 eis
1498 2145 1662 2199 vestiffia

148 2226 410 2266 recogynoscens
438 2215 515 2251 etc.
558 2210 600 2250 S.
622 2215 697 2249 τῶν
724 2207 1005 2258 παιδευμάτων,
1032 2205 1370 2246 exercitutimzum.
1413 2202 1455 2242 si
1484 2216 1559 2256 pro
1587 2218 1663 2241 τοι-

149 2271 295 2321 γαροῦν
329 2268 539 2322 legeretur
574 2268 718 2306 τούτων
753 2267 833 2311 οὖν,
867 2263 1028 2318 planior
1063 2266 1172 2302 esset
1210 2259 1372 2300 Latinis
1408 2257 1664 2299 constructio

150 2325 384 2379 hujusmodi
407 2324 630 2375 ἐλλείψεων
650 2321 833 2362 insuetis.
870 2319 1062 2360 WOLF.
1125 2316 1306 2358 Locutio
1332 2321 1470 2355 sumta
1491 2319 1555 2354 est
1577 2329 1598 2354 e
1619 2328 1664 2353 re

150 2380 350 2421 venatica..
413 2380 652 2433 Xenophon
674 2379 725 2418 de
748 2378 904 2417 Venat.
927 2378 964 2425 6,
987 2391 1026 2426 4.
1047 2376 1091 2415 οὐ
1113 2377 1187 2426 γὰρ
1209 2373 1381 2423 ἐπιμένει
1401 2375 1469 2411 τοῦ
1489 2374 1621 2423 ἴχνους
1642 2371 1665 2420 ἡ

151 2439 460 2489 φύσις-πᾶσαν
481 2437 594 2487 ὥραν.
629 2434 877 2475 SCHAEF.

215 2506 333 2547 1394,
358 2494 394 2532 6.
432 2494 475 2542 τῇ
511 2493 552 2531 δὲ
589 2490 771 2544 σώζεται]
810 2491 1005 2530 Fortasse
1040 2486 1287 2541 legendum:
1330 2487 1375 2538 τῇ
1411 2485 1452 2522 δὲ
1487 2485 1535 2521 τὰ
1570 2483 1666 2521 ὄντα

153 2550 327 2596 σώζεται.
367 2548 497 2587 altera
516 2554 647 2587 autem
661 2547 854 2600 jbrtunae
874 2546 1011 2599 cuique
1030 2557 1123 2583 succe
1143 2546 1437 2582 conservantur.
1471 2537 1664 2577 REISK.

154 2605 288 2644 Immo
309 2603 639 2643 subaudiendum
660 2603 702 2641 τὸ
723 2602 926 2652 πρακτέον.
978 2600 1109 2640 Recte
1130 2598 1435 2650 interpretatur
1458 2593 1601 2633 Reisk.
1624 2593 1665 2632 in

156 2661 247 2701 Ind.
271 2659 499 2700 Graecitat.
534 2658 782 2699 SCHAEF.

215 2730 336 2770 1394,
359 2726 395 2768 7.
434 2716 496 2755 καὶ
527 2717 602 2766 γὰρ
636 2715 672 2754 εἴ
703 2731 759 2756 τις
793 2709 1287 2765 ἐφύετο-παρεκάλεσαν]
1323 2706 1492 2746 Atticus
1523 2708 1667 2744 orator

153 2772 387 2826 optativum
421 2785 514 2810 cum
547 2770 790 2824 imperfecto
825 2769 1018 2809 dedisset.
1063 2762 1346 2806 SPENGEL.
1379 2762 1433 2802 ad
1466 2760 1662 2801 Anaxim.

156 2829 280 2869 Rhet.
302 2843 341 2881 p.
366 2828 459 2880 238.

217 2897 336 2938 1394,
364 2895 426 2923 12.
455 2883 591 2935 ταῦτα]
619 2881 785 2922 Scilicet
807 2884 854 2921 τὰ
877 2885 945 2922 νῦν
974 2880 1146 2930 παρόντα
1172 2874 1381 2928 πράγματα
1407 2874 1567 2925 φαύλως
1588 2876 1666 2912 δια-

159 2942 325 2992 κείμενα.
357 2938 553 2979 REISK.
