1925 3215
482 128 808 167 ADVERSUS
843 125 1218 167 NICOSTRATU
1228 126 1287 166 M.
1533 130 1642 170 1807

128 235 220 271 δεκα
240 235 358 282 μνῶν.
399 235 443 270 et
459 245 493 270 v.
515 241 578 283 27.
602 232 820 282 τάργύριον,
843 231 886 270 οὗ
907 232 929 281 ἡ
951 232 1127 271 συνοικία
1150 230 1273 279 ἐτέθη.
1322 230 1391 270 Ad
1411 230 1640 283 genitivum

127 288 222 338 ὑπὲρ
246 287 307 326 vel
335 287 420 327 ἀντὶ
451 301 669 340 perperam
702 286 950 327 subauditur
977 287 1030 327 ab
1059 286 1198 327 Reisk.
1222 287 1262 326 in
1288 286 1378 327 lnd.
1404 287 1637 329 Graccitat.

127 357 159 382 S.
178 357 215 382 v.
238 343 400 383 τιθέναι.
443 344 594 383 SUHA
609 343 694 382 EF.

190 410 307 452 1250,
330 413 390 453 ¹3·
415 400 513 439 ὅσον
536 401 640 439 ἐνδεῖ
658 399 738 452 σοι]
761 398 946 438 Deerant
967 399 1147 438 sedecim
1169 399 1320 439 minae.
1361 398 1469 439 Nam
1490 399 1638 453 viginti

126 468 198 494 sex
231 454 353 494 minis
386 456 597 495 redemtus
627 470 649 494 0
680 454 880 494 servitute
911 455 1048 494 fuerat
1072 454 1349 503 Nicostratus,
1375 456 1544 508 ejusque
1570 470 1638 509 pe-

126 510 272 550 cuniae
293 511 574 551 conficiendae
596 526 695 561 ergo
718 511 859 550 decem
880 511 1011 550 minas
1033 510 1068 550 ei
1096 511 1373 564 Apollodorus
1399 511 1488 563 jam
1511 512 1636 552 dona-

125 572 255 607 verat.
291 567 484 607 REISK.
550 568 749 617 Qeccmtunb
770 567 900 606 callum
921 567 1011 618 defit
1032 566 1116 606 tibi..
1161 567 1412 607 SOHAEF.

190 635 308 676 1250,
328 636 389 676 15.
415 623 504 678 φῂς]
539 624 703 663 Scilicet
733 640 781 663 σε
811 623 1003 673 ποιήσειν.
1036 624 1239 662 REISK.
1301 640 1348 663 σε
1379 627 1548 676 poterat
1578 623 1637 663 fa-

126 692 219 718 eere
241 679 484 733 compendii.
532 680 791 719 SCIIAEF.

186 737 310 775 λῦσαί
335 735 420 788 μοι]
454 738 500 775 τὰ
532 735 701 784 κτήματα
731 735 892 774 addunt
920 734 971 774 Α.
995 735 1179 774 1’.1111110;
1218 748 1344 773 unum
1376 733 1486 773 enim
1517 736 1638 783 κτῆμα

125 789 205 830 fuit
230 791 506 845 pigneratum.
571 790 756 831 Subaudi
777 791 819 829 τὸ
840 790 962 830 τεθέν.
1010 792 1074 830 ἵνα
1100 808 1165 840 μοι
1193 791 1390 830 λύσωνται
1418 790 1460 829 τὸ
1492 791 1637 842 χωρίον

125 861 166 900 p.
186 859 304 900 1215,
330 861 392 889 21.
438 848 696 887 SCHAEF.

190 914 307 955 1250,
328 916 391 944 20.
416 903 683 953 Παμβωτάδῃ]
717 902 832 942 Citat
853 902 893 941 h.
915 901 939 941 l.
963 901 1277 955 Harpocration
1295 915 1329 939 v.
1354 900 1636 951 Παμβωτάδης.

127 958 330 998 REISK.

189 1026 306 1068 1250,
332 1015 397 1054 26.
421 1018 501 1056 τοῖς
527 1013 771 1067 πράγμασιν]
806 1013 1015 1054 Cohaeret
1045 1027 1139 1053 cum
1170 1013 1191 1051 ὅ
1219 1029 1254 1051 τι
1281 1012 1513 1064 χρησαίμην.
1564 1024 1638 1064 quo

123 1084 187 1124 egro
207 1071 308 1124 qaid
325 1069 476 1124 afferam,
496 1071 539 1110 in
558 1071 632 1110 Ιιαο
651 1084 692 1109 re
713 1076 794 1109 tam
815 1069 949 1109 ανιίῑια
969 1068 1113 1109 dubius
1132 1074 1165 1108 et
1178 1068 1403 1122 peqdeaeus,
1420 1072 1549 1119 utpote
1569 1067 1640 1120 qui

125 1141 241 1166 essem
251 1126 424 1179 juvenis,
486 1126 632 1166 Malim
663 1130 803 1166 tamen
826 1126 952 1166 verba
974 1125 1061 1167 νέος
1083 1125 1136 1164 ὣν
1157 1138 1264 1177 ponc
1287 1125 1443 1174 ἄπειρος
1464 1122 1638 1174 πραγμά-

125 1199 204 1222 των
221 1198 256 1223 v.
279 1194 343 1236 27.
361 1183 565 1223 collocari.
611 1182 691 1221 Vel
710 1181 849 1237 potius
870 1196 977 1235 pone
1000 1182 1076 1233 ἐγὼ
1100 1180 1294 1220 collocavi
1317 1180 1366 1220 de
1388 1193 1480 1219 11100
1502 1192 1636 1221 sensu,

129 1239 331 1278 REISK.

190 1308 203 1334 1
216 1307 310 1347 250,
329 1304 392 1346 27.
413 1295 532 1348 ὅπως]
562 1293 692 1333 Uncis
713 1293 857 1333 inclusi
876 1310 883 1333 :
914 1292 1063 1332 sufficit
1080 1292 1270 1332 0111111ἵνα
1285 1305 1319 1330 v.
1338 1303 1404 1343 25.
1439 1289 1637 1330 REISK.

128 1350 221 1403 Ego
257 1354 395 1390 totum
434 1351 525 1400 1100,
564 1351 625 1390 καὶ
666 1351 823 1401 ἄπειρος
857 1349 1094 1401 πραγμάτων
1128 1349 1243 1394 ὅπως,
1274 1346 1417 1386 vellem
1458 1346 1637 1386 abesset.

129 1406 383 1446 SOHAEF.

188 1475 237 1502 12
241 1473 308 1516 50,
327 1475 392 1516 29.
414 1465 490 1501 τῶν
511 1460 733 1514 ἀντιδίκων]
768 1459 984 1515 Significat
1007 1459 1305 1499 Phormionem
1325 1459 1495 1512 ejusque
1515 1459 1640 1498 advo-

127 1522 259 1559 catos.
302 1517 494 1558 REISK.

184 1575 316 1614 πίστιν
337 1575 463 1615 αὐτοῖς
483 1574 655 1623 δίδωσιν]
690 1574 822 1612 πίστιν
843 1572 973 1613 αὐτοῖς
995 1573 1162 1619 δίδωσιν,
1186 1575 1313 1611 navat
1342 1569 1442 1624 ipsis
1468 1583 1638 1623 Operam

128 1629 248 1677 110110,
271 1634 319 1670 111
340 1644 414 1683 pro
436 1629 550 1683 ipsis,
571 1629 625 1669 ad
648 1628 874 1681 juvandam
903 1642 1045 1667 eorum
1077 1641 1267 1667 caussam
1297 1640 1515 1678 meamque
1547 1640 1638 1679 pre-

127 1686 335 1734 mendam,
363 1685 657 1738 jusjurandum
688 1684 846 1724 diceret
875 1689 951 1724 aut
985 1683 1190 1737 reciperet
1222 1682 1432 1722 dicturum
1456 1697 1496 1736 p.
1518 1692 1637 1736 1250,

128 1742 203 1782 1111.
248 1742 446 1781 REISK.

191 1810 312 1850 1251,
342 1811 381 1851 3.
414 1797 622 1850 ἐπιβολὴν]
661 1795 880 1836 Sententia
913 1794 993 1834 loci
1027 1794 1192 1834 videtur
1227 1794 1327 1833 haee
1366 1807 1477 1833 esse:
1519 1792 1640 1832 Nico-

128 1858 290 1894 stratus
322 1853 510 1892 inscribit
539 1867 604 1892 me
634 1852 866 1891 debitorem
895 1849 1070 1898 aerario,
1099 1850 1139 1888 11.
1165 1864 1199 1889 0.
1222 1848 1383 1901 perficit
1412 1853 1539 1900 atque
1567 1848 1640 1887 im-

129 1913 282 1964 petrat,
317 1914 364 1949 ut
404 1908 590 1949 aerarius
631 1908 834 1947 scriberer
873 1920 899 1946 a
929 1910 1150 1959 quaestore
1182 1904 1244 1943 vel
1284 1903 1421 1943 scriba
1461 1903 1637 1956 publico,

130 1966 295 2005 nomine
315 1965 495 2004 mulctae
519 1964 753 2017 (ἐπιβολὴν)
778 1977 850 2002 sex
877 1962 1081 2001 minarum
1103 1965 1146 2000 et
1167 1961 1310 1999 decem
1331 1959 1638 2008 drachmarum,

128 2022 195 2062 cui
229 2021 406 2060 mulctae
443 2034 574 2060 essem
609 2019 909 2058 condemnatus
944 2017 985 2056 in
1021 2017 1094 2056 1110
1125 2015 1395 2068 ἀπροσκλήτῳ,
1428 2015 1483 2055 ad
1514 2029 1639 2068 quam

129 2078 364 2118 obeundam
387 2077 440 2117 ab
461 2081 604 2116 actore
623 2076 792 2128 ejusque
814 2072 1164 2127 subscriptoribus
1184 2086 1267 2112 non
1283 2071 1451 2110 fuissem
1471 2070 1638 2119 citatus,

129 2133 352 2188 agentibus
380 2137 527 2173 contra
557 2146 622 2171 me
647 2128 688 2181 ἐξ
711 2133 896 2182 ἐμφανῶν
918 2129 1202 2174 καταστάσεως,
1225 2142 1277 2167 ex
1299 2142 1347 2167 eo
1368 2126 1505 2175 titulo,
1529 2127 1641 2180 quod

130 2190 310 2230 celarem
341 2203 407 2228 res
439 2188 606 2235 alienas,
638 2191 713 2227 aut
742 2186 844 2240 reip.
872 2191 946 2226 aut
977 2184 1105 2225 etiam
1134 2183 1298 2237 pupillis
1330 2183 1511 2230 debitas,
1538 2196 1641 2236 quas

131 2246 324 2286 deberem
348 2259 488 2285 coram
509 2243 655 2284 sistere
676 2248 803 2296 atque
825 2241 1032 2282 exhibere.
1065 2240 1267 2280 REISK.
1331 2238 1530 2278 Similiter
1548 2239 1640 2278 Ind.

132 2301 362 2342 Graecitat.
394 2315 427 2340 s.
449 2315 486 2340 v.
516 2301 797 2350 ἀπρόσκλητος.
850 2298 903 2337 V.
929 2297 1239 2338 Schoemannus
1270 2295 1321 2335 de
1354 2294 1446 2334 Lite
1472 2294 1567 2334 Att.
1600 2309 1640 2348 p.

133 2359 228 2411 758.
252 2358 310 2411 [et
339 2357 395 2396 ad
421 2357 586 2396 Isaeum
615 2370 654 2409 p.
682 2355 797 2409 338]
830 2358 873 2394 et
902 2354 953 2393 de
984 2354 1067 2403 δίκῃ
1101 2354 1153 2394 εἷς
1183 2354 1368 2403 ἐμφανῶν
1399 2349 1641 2390 κατάστασιν

134 2413 319 2466 (00110110
339 2413 394 2452 0(1
415 2411 713 2461 exhibendum)
734 2410 988 2464 Harpocrat.
1012 2423 1043 2448 s.
1060 2423 1096 2447 v.
1120 2409 1187 2450 Εἰς
1210 2409 1241 2447 ἐ.
1266 2425 1298 2446 κ.
1333 2405 1584 2446 SCHAEF.

196 2479 318 2522 1251,
339 2478 379 2521 5.
406 2468 476 2517 τὴν
501 2467 622 2520 δίκην]
655 2467 706 2506 Id
736 2471 801 2507 est
831 2467 900 2515 τὴν
931 2465 1148 2514 καταδίκην.
1199 2477 1293 2503 cun]
1322 2476 1396 2516 per
1427 2461 1640 2514 Lycidam,

133 2523 378 2578 cognomine
402 2523 643 2562 Molitorem
664 2522 832 2570 dictum,
856 2520 1060 2561 effecisset
1080 2524 1128 2559 ut
1148 2519 1219 2559 illa
1240 2518 1341 2557 mihi
1363 2517 1518 2556 mulcta
1539 2515 1641 2555 irro-

130 2584 320 2635 garetur.
372 2579 548 2618 Videt-ur
567 2578 634 2617 hic
657 2577 834 2631 Lycidas
857 2576 1017 2617 arbiter
1037 2590 1109 2615 seu
1135 2575 1264 2628 judex
1290 2573 1500 2626 pedaneus
1532 2570 1641 2610 illius

132 2649 305 2677 caussae
324 2634 460 2674 fuisse.
496 2633 696 2673 REISK.
760 2633 814 2673 V.
835 2648 873 2686 p.
893 2633 1013 2680 1018,
1036 2644 1097 2680 14.
1139 2627 1389 2670 SOHAEF.

196 2704 315 2744 1251,
339 2690 377 2730 8.
407 2693 483 2729 τῶν
504 2688 675 2742 οἰκείων]
709 2688 817 2729 Sunt
837 2689 962 2728 iidem
982 2691 1111 2739 atque
1131 2684 1254 2738 paulo
1275 2686 1374 2723 ante
1395 2695 1640 2722 commemo-

133 2747 229 2796 rati,
254 2745 463 2793 Phormio,
488 2744 670 2784 Pasicles
691 2748 734 2785 et
755 2758 897 2784 eorum
919 2746 1145 2784 consortes.
1188 2739 1386 2779 REISK.

203 2814 325 2855 1251,
348 2815 410 2842 10.
448 2801 684 2840 ἐνδεικνύναι
717 2817 765 2849 με
779 2800 858 2853 -]
899 2800 1057 2847 ἔνδειξις
1090 2795 1200 2836 enim
1240 2798 1331 2834 erat
1371 2793 1413 2832 in
1453 2806 1535 2839 000,
1571 2792 1640 2845 qui

136 2872 305 2900 caussas
326 2860 511 2912 agerent,
535 2869 628 2895 cum
649 2856 832 2895 nondum
861 2853 1022 2895 aerario
1043 2850 1339 2893 satisfecissent
1356 2865 1363 2888 :
1399 2848 1469 2901 qui
1491 2847 1525 2887 si
1546 2862 1640 2888 con-

136 2915 399 2955 vincerentur
419 2911 540 2965 hujus
562 2911 741 2952 criminis
763 2911 835 2960 rei,
858 2909 1070 2951 custodiae
1092 2908 1315 2947 dabantur.
1360 2903 1553 2944 REISK.
