1925 3215
669 158 729 197 IN
763 157 1076 198 NEAERAM.
1524 160 1634 198 1385

118 261 261 310 τιάδου,
284 262 522 313 ἀνοιξάντων
542 265 610 304 τὰς
636 264 763 305 πύλας
785 266 848 313 τῆς
871 263 1004 304 νυκτὸς
1031 262 1290 315 Ναυκλείδου]
1320 261 1506 315 Thucyd.
1533 274 1567 309 2,
1594 274 1630 302 2.

119 317 362 370 ἐπηγάγοντο
394 321 435 359 δὲ
469 320 576 369 (τοὺς
608 321 828 371 Θηβαίους)
864 321 924 359 καὶ
956 319 1130 371 ἀνέῳξαν
1161 321 1228 360 τὰς
1263 319 1389 360 πύλας
1421 322 1634 358 Πλαταιῶν

117 374 265 424 ἄνδρες,
305 377 547 425 Ναυκλείδης
582 392 623 415 τε
661 376 722 415 καὶ
757 377 794 415 οἱ
833 374 912 425 μετ’
947 376 1075 419 αὐτοῦ,
1113 375 1352 424 βουλόμενοι
1389 375 1485 416 ἰδίας
1521 374 1635 414 ἕνεκα

117 429 312 480 δυνάμεως
337 432 478 482 ἄνδρας
499 448 541 471 τε
562 435 638 471 τῶν
665 435 837 471 πολιτῶν
859 432 946 472 τοὺς
974 432 1114 482 σφίσιν
1134 431 1385 471 ὑπεναντίους
1414 434 1636 482 διαφθεῖραι

117 486 178 525 καὶ
208 486 279 535 τὴν
308 488 426 527 πόλιν
459 488 662 537 Θηβαίους
699 490 974 539 προσποιῆσαι.
1018 487 1189 538 ἔπραξαν
1220 488 1260 525 δὲ
1291 490 1409 525 ταῦτα
1439 486 1484 526 δι’
1515 487 1634 537 Εὐρυ-

115 541 243 594 μάχου
279 548 346 583 τοῦ
381 543 626 591 Λεοντιάδου,
665 543 803 595 ἀνδρὸς
837 544 1028 593 Θηβαίων
1064 542 1343 582 δυνατωτάτου.
1406 542 1470 582 De
1502 542 1635 596 Eury-

116 598 265 638 maeho
286 614 322 638 v.
345 599 473 639 etiam
498 600 706 639 Herodot.
732 610 767 651 7,
793 611 886 652 233.

178 656 298 708 1378,
325 666 388 709 25.
418 654 618 708 ἐξαπίνης]
651 655 704 694 V.
731 655 966 695 Lobeckius
994 655 1047 694 ad
1077 654 1299 707 l'hrynieh.
1332 669 1370 707 p.
1396 656 1457 694 18.
1522 654 1635 694 Vere

115 715 256 750 autem
289 711 343 750 H.
370 712 608 764 Stephanus
635 711 697 751 ait
726 711 803 751 hoc
825 711 1067 751 adverbium
1088 711 1328 763 praesertim
1356 711 1468 763 apud
1490 715 1635 764 poetas

114 765 207 820 legi.
241 766 491 807 SCHAEF.

178 824 297 876 1378,
323 834 386 875 27.
426 824 487 863 καὶ
528 823 653 876 αὐτοὶ]
694 823 798 863 Post
831 823 932 862 haec
965 823 1091 862 verba
1123 823 1265 862 deesse
1302 822 1466 862 videtur
1500 823 1561 862 καὶ
1595 825 1634 862 αἱ

115 883 307 930 γυναῖκες.
342 879 537 919 REISK.
600 879 707 918 Mihi
735 893 816 918 non
840 879 1015 918 ridetur.
1056 879 1136 931 ipsi
1157 893 1304 932 quoque
1329 879 1480 918 (ermari
1500 893 1636 919 accur-

115 941 265 975 rerunt.
311 936 419 975 αὐτοὶ
439 940 482 975 et
505 939 680 985 Θηβαῖοι
701 935 810 975 inter
832 949 875 974 se
900 939 1180 988 opponuntur.
1218 934 1470 974 SOHAEF.

178 1002 296 1044 1379,
319 1006 358 1043 4.
382 992 466 1043 οὖν]
494 991 645 1031 Rarius
667 991 724 1031 sic
746 992 799 1031 ab
822 991 980 1031 Atticis
1001 990 1193 1044 usurpari
1217 991 1277 1031 ait
1300 991 1368 1030 Fr.
1385 991 1439 1030 A.
1456 990 1635 1031 Wolfius

114 1047 169 1088 ad
206 1048 479 1102 Xenophont.
515 1048 679 1087 Hellen.
712 1061 744 1097 1,
771 1061 809 1100 3.
839 1060 903 1088 20.
937 1063 975 1101 p.
1004 1058 1095 1099 115.
1160 1047 1267 1086 Mihi
1303 1047 1368 1086 hic
1404 1047 1633 1100 particulae

115 1117 213 1143 usus
235 1104 338 1144 satis
359 1105 598 1158 frequenter
620 1104 813 1144 occurrit.
848 1104 1108 1143 SCHAEF.

176 1172 296 1212 1379,
326 1161 387 1200 18.
427 1162 749 1211 ἀπροφασίστως]
792 1165 814 1182 “
840 1160 1003 1200 Indicta
1040 1160 1079 1199 h.
1113 1174 1146 1199 e.
1186 1159 1298 1199 nulla
1334 1159 1448 1200 edita
1484 1173 1633 1200 caussa

114 1215 233 1256 belli''
256 1216 346 1256 Ind.
371 1217 601 1257 Graecitat.
660 1217 809 1256 Malim
830 1223 949 1263 reesa,
974 1230 1051 1255 non
1077 1215 1252 1268 (mplius
1272 1214 1440 1269 oblique,
1464 1221 1511 1256 ut
1534 1220 1634 1256 ante

116 1272 301 1313 fecerant
324 1273 666 1325 προφασισάμενοι
687 1273 756 1323 τὴν
778 1277 853 1313 τῶν
876 1273 1066 1323 Θηβαίων
1088 1273 1246 1324 ἔχθραν.
1281 1272 1532 1312 SCHAEF.

180 1339 296 1382 1379,
324 1342 388 1382 19.
421 1332 467 1369 τὰ
495 1331 559 1369 δύο
587 1329 704 1383 μέρη]
729 1331 846 1369 Duas
862 1336 1013 1383 parles.
1076 1328 1157 1368 Sed
1188 1330 1367 1381 quotes?
1398 1329 1449 1368 de
1470 1328 1634 1368 tribus?

113 1399 168 1425 an
190 1385 240 1425 de
262 1388 468 1439 quatuor?
492 1391 566 1426 aut
587 1386 638 1425 de
661 1394 761 1439 quot
784 1386 982 1426 tandem?¹
1006 1385 1273 1424 Incommoda
1292 1384 1401 1424 ratio
1423 1384 1631 1438 loquendi,

114 1441 171 1481 nil
193 1441 392 1482 definiens
415 1447 457 1482 et
479 1442 786 1482 dubitationem
808 1442 1055 1495 relinquens.
1115 1440 1196 1480 Sed
1218 1441 1275 1480 sic
1297 1441 1429 1481 solent
1453 1441 1602 1481 Graeci
1623 1458 1630 1480 :

115 1502 158 1538 et
188 1498 330 1539 videor
356 1514 378 1538 e
406 1498 497 1539 loeo
527 1499 727 1552 superiori
758 1513 797 1551 p.
821 1510 943 1551 1247,
963 1511 1012 1546 1.‚
1036 1497 1106 1537 ubi
1137 1502 1268 1547 actor,
1291 1497 1361 1551 qui
1391 1511 1508 1538 reum
1539 1499 1633 1538 ἀπο-

114 1557 268 1606 γραφῆς
287 1555 507 1609 peregerit,
531 1555 684 1595 dieitur
709 1557 752 1595 τὰ
772 1556 858 1606 τρία
877 1555 973 1606 μέρη
995 1553 1325 1608 proscriptorum
1346 1554 1406 1594 rei
1427 1555 1633 1594 bonorum

114 1611 336 1664 accepisse,
371 1611 577 1665 colligere,
610 1626 772 1665 semper
807 1611 848 1650 in
886 1611 1040 1650 talibus
1076 1615 1214 1651 totum
1250 1610 1305 1649 illi
1341 1624 1524 1657 numero,
1563 1611 1633 1664 qui

114 1666 323 1707 indicatus
358 1672 434 1716 est,
468 1667 702 1721 proxiuuuu
740 1667 974 1721 designari:
1008 1672 1055 1707 ut
1087 1682 1113 1707 a
1143 1667 1307 1707 binario
1340 1681 1535 1707 numerus
1568 1672 1632 1707 est

114 1723 328 1777 proximus
348 1723 558 1764 ternarius
579 1729 622 1764 et
643 1723 826 1764 ternario
848 1724 1062 1777 proximus
1084 1728 1148 1764 est
1173 1724 1474 1777 quaternarius.
1528 1722 1633 1763 Cum

113 1793 212 1834 ergo
243 1782 290 1820 τὰ
318 1782 384 1821 δύο
414 1781 510 1832 μέρη
541 1781 816 1835 appellantur⁷
847 1780 1095 1820 subauditur
1127 1780 1177 1819 de
1208 1779 1356 1829 tribus,
1386 1786 1427 1820 et
1459 1794 1551 1819 cum
1582 1781 1630 1819 τὰ

113 1838 200 1887 τρία
219 1836 326 1888 μέρη,
350 1837 599 1877 subauditur
620 1837 671 1877 dc
693 1842 886 1890 quatuor.
919 1836 1113 1876 REISK.

174 1906 191 1932 Ι
199 1904 295 1946 379,
321 1906 385 1933 21.
409 1893 627 1947 Μαλιεῦσι]
653 1893 781 1932 Varie
810 1892 851 1931 in
884 1892 1187 1946 exemplaribus
1216 1891 1370 1932 nostris
1399 1896 1625 1938 exaratum

113 1948 155 1988 in
176 1949 382 1988 nonnullis
410 1963 530 1989 voces
559 1951 620 1989 καὶ
643 1951 801 1988 Αἰνιᾶσι
829 1949 994 1988 desunt.
1057 1948 1193 1995 Certe,
1217 1948 1250 1987 si
1277 1948 1441 2002 integra
1469 1947 1523 1988 sit
1546 1948 1630 1988 vul-

112 2009 215 2059 gata
242 2005 380 2053 lectio,
402 2005 617 2059 scriptoris
645 2005 765 2045 istius
792 2005 917 2044 fidem
945 2004 986 2043 id
1017 2004 1167 2044 merito
1195 2005 1332 2045 levare
1359 2009 1514 2057 potest,
1536 2019 1630 2044 cum

114 2061 262 2101 harum
283 2061 501 2102 civitatum
528 2062 630 2102 alias
652 2061 694 2101 in
714 2062 796 2101 fide
824 2075 986 2115 semper
1007 2061 1168 2101 videam
1189 2074 1474 2114 perseverasse
1497 2061 1631 2101 Athe-

113 2117 329 2166 niensium,
360 2118 463 2158 alias
492 2118 621 2158 serius
650 2118 690 2157 in
725 2117 1153 2158 Lacedaemoniorum
1182 2117 1411 2158 amicitiam
1439 2122 1629 2171 receptos

114 2188 239 2227 quam
260 2174 362 2214 haec
383 2179 480 2215 acta
501 2174 598 2215 sint.
632 2175 908 2214 TAYLOR.

176 2243 294 2284 1379,
320 2241 383 2285 25.
419 2231 664 2283 βούλοιντο,]
704 2230 1010 2285 Hypostigmen
1044 2229 1195 2270 delevit
1229 2229 1424 2278 Bekker„
1455 2234 1504 2270 ut
1535 2231 1628 2280 βού-

113 2291 246 2326 λοιντο
281 2292 401 2341 regat
437 2287 662 2327 infinitivos
698 2287 767 2342 qui
802 2291 1042 2340 sequuntur.
1107 2286 1173 2326 Sic
1213 2286 1422 2326 wolfius:
1456 2286 1629 2326 sciscita-

113 2341 258 2383 bantur
288 2358 381 2383 mem
413 2343 545 2384 urbem
579 2343 715 2384 dedere
746 2343 894 2391 vellent,
916 2368 984 2382 —.
1062 2342 1170 2382 Mihi
1206 2342 1402 2382 videntur
1436 2342 1629 2382 infinitivi

113 2399 293 2452 pendere
319 2400 372 2440 ab
400 2401 676 2440 antecedente
706 2400 1017 2452 ἐπηγγέλλοντο.
1079 2398 1326 2439 Herodotus
1354 2413 1392 2448 4,
1418 2412 1512 2440 200.
1539 2400 1628 2438 ἐπο-

112 2456 292 2506 λιόρκεον
322 2456 392 2505 τὴν
421 2458 540 2496 πόλιν
572 2457 912 2508 ἐπαγγελλόμενοι
943 2456 1136 2495 ἐκδιδόναι
1168 2456 1253 2497 τοὺς
1284 2457 1428 2496 αἰτίους
1457 2458 1525 2494 τοῦ
1554 2455 1626 2504 φό-

114 2527 251 2551 νου-.
284 2511 364 2562 Qui
385 2511 498 2551 locus
520 2513 641 2552 docet
663 2512 761 2565 quid
782 2512 1076 2564 ἐπηγγέλλοντο
1098 2511 1314 2566 significet.
1351 2510 1597 2551 SOHAEF.

169 2567 240 2616 τὴν
268 2569 341 2617 μὲν
370 2567 563 2622 πόλιν-]
598 2569 716 2608 Haec
747 2583 831 2608 non
862 2572 1058 2609 accurate
1087 2568 1141 2608 ab
1172 2572 1343 2608 auctore
1370 2570 1514 2606 nostro
1542 2570 1627 2606 tra-

113 2623 285 2663 duntur.
348 2623 623 2677 Thucydides,
645 2625 754 2664 unde
781 2630 875 2665 tota-
901 2625 1003 2664 haec
1030 2624 1081 2664 de
1104 2622 1424 2664 Plataeensibus
1449 2621 1627 2662 historia

113 2679 356 2728 desumitur,
379 2679 440 2719 ita
470 2680 599 2720 habet
621 2693 657 2729 2,
682 2692 748 2733 72.
768 2696 776 2720 z
808 2682 915 2731 ὑμεῖς
935 2682 1052 2720 πόλιν
1074 2681 1136 2720 καὶ
1163 2681 1283 2720 οἰκίας
1311 2678 1505 2729 παράδοτε
1535 2679 1626 2727 ἡμῖν

112 2739 192 2777 τοῖς
222 2737 554 2786 Λακεδαιμονίοις,
587 2737 648 2776 καὶ
680 2739 750 2788 γῆς
785 2737 898 2788 ὅρους
933 2736 1172 2785 ἀποδείξατε,
1207 2735 1269 2774 καὶ
1304 2733 1443 2785 δένδρα
1481 2734 1625 2786 ἀριθμῷ

113 2793 160 2831 τὰ
191 2791 368 2842 ὑμέτερα,
402 2792 463 2831 καὶ
495 2793 609 2840 ἄλλο,
645 2794 681 2832 εἴ
711 2809 746 2832 τι
782 2792 946 2832 δυνατὸν
982 2794 1036 2833 εἰς
1068 2791 1229 2842 ἀριθμὸν
1265 2791 1407 2830 ἐλθεῖν·
1441 2790 1548 2829 αὐτοὶ
1584 2791 1626 2828 δὲ

111 2847 429 2900 μεταχωρήσατε,
454 2848 542 2888 ὅποι
567 2849 779 2898 βούλεσθε,
810 2849 881 2891 ἕως
909 2848 956 2888 ἂν
984 2849 1004 2887 ὁ
1033 2849 1204 2897 πόλεμος
1230 2845 1264 2896 ᾗ·
1299 2848 1455 2886 ἐπειδὰν
1483 2847 1525 2885 δὲ
1552 2861 1623 2884 πα-

110 2903 248 2958 ρέλθῃ,
277 2905 543 2954 ἀποδώσομεν.
594 2903 706 2956 μέχρι
736 2906 777 2944 δὲ
808 2908 919 2944 τοῦδε
950 2905 1086 2953 ἕξομεν
1115 2902 1438 2954 παρακαταθήκην
1469 2901 1624 2954 ἐργαζό-
