1935 3200
336 116 448 158 1368
862 119 925 158 IN
958 118 1271 159 NEAERAM.

328 221 509 263 ”Ανθεια.
549 223 698 273 μήποτε
729 225 770 263 δὲ
799 226 860 263 δεῖ
887 225 1057 275 γράφειν
1078 226 1163 264 ἀντὶ
1184 228 1248 275 τῆς
1267 224 1662 267 ”Ανθείας“Ἀντειαν.
1705 228 1749 266 οὐ
1770 230 1845 278 γὰρ

335 280 565 328 εὑρίσκομεν
599 279 689 329 παρ’
718 280 845 319 οὐδενὶ
873 279 1063 320 ’Ἄνθειαν
1099 280 1446 332 ἀναγεγραμμένην
1482 282 1649 332 ἑταίραν.
1692 282 1767 322 ἀπὸ
1804 284 1845 322 δὲ

331 333 514 375 Ἀντείας
535 335 596 374 καὶ
622 335 719 374 ὅλον
741 338 866 385 δρᾶμα
897 337 1226 387 ἐπιγραφόμενον,
1251 337 1301 377 ὡς
1325 340 1525 387 προεῖπον,
1549 338 1713 377 Εὐνίκου
1733 337 1755 387 ἢ
1777 342 1846 378 Φι-

333 391 499 430 λυλλίου
514 389 677 430 ’Ἄντεια
699 392 796 430 ἐστί.
840 391 900 430 καὶ
922 393 941 430 ὁ
964 392 1032 430 τὸν
1055 394 1151 431 κατὰ
1173 393 1344 442 Νεαίρας
1366 393 1408 431 δὲ
1429 393 1552 443 λόγον
1572 393 1731 444 γράψας
1750 410 1845 443 μνη-

332 447 489 494 μονεύει
510 447 635 496 αὐτῆς.
697 446 843 486 Eunici
866 446 949 486 sive
971 447 1151 500 Philyllii
1173 448 1319 487 drama
1344 447 1508 487 nomine
1518 447 1681 487 ’Ἄντεια
1701 448 1844 489 lauda-

333 505 404 540 tur
424 515 450 540 a
471 501 670 554 plurimis.
709 504 855 541 Πολλὰ
877 504 918 541 δὲ
944 506 1020 542 τῶν
1042 504 1214 555 ἀρχαίων
1236 503 1419 554 δράματα,
1442 502 1576 556 inquit
1598 503 1844 544 Athenaeus

332 556 439 596 libro
470 557 602 597 citato
633 572 672 610 p.
694 561 773 610 567
800 558 860 606 0.,
883 558 959 597 ἀπὸ
990 560 1151 608 ἑταιρῶν
1172 559 1267 610 ἔσχε
1298 561 1366 599 τὰς
1397 559 1628 609 ἐπιγραφὰς,
1653 559 1844 599 Θάλαττα

335 612 560 660 Διοκλέους,
581 613 847 664 Φερεκράτους
870 615 1085 662 Κοριαννὼ,
1111 615 1274 653 Εὐνίκου
1295 613 1317 663 ἢ
1339 615 1558 654 Φιλυλλίου
1568 614 1743 661 ”Αντεια,
1763 619 1842 655 etc.

335 667 403 707 Ita
425 668 681 708 comoediam
703 669 869 722 scripsit
891 669 1094 709 Timocles
1117 684 1165 709 ex
1190 669 1353 710 Neaera
1375 674 1519 709 nostra
1549 670 1692 722 procul
1717 671 1843 710 dubio

334 724 671 777 cognominatam
700 730 742 764 et
772 724 972 773 Philemo,
999 726 1115 778 cujus
1146 726 1343 765 nonnulla
1370 726 1607 780 fragmenta
1633 727 1687 766 ab
1709 726 1843 766 Athe-

332 793 436 818 naeo
457 780 707 827 laudantia-3
742 785 869 833 atque
892 780 1002 820 inter
1024 781 1235 822 Romanos
1257 781 1443 822 Licinius
1477 782 1660 821 Imbrex.
1684 782 1842 822 Gellius

337 847 402 888 13,
426 847 490 875 22.
521 837 692 876 Praeter
712 836 908 876 Plautum
939 837 1059 876 etiam
1082 852 1141 891 pr
1143 844 1320 891 aeterqzce
1348 838 1520 877 Gellium
1545 838 1731 877 Licinius
1758 839 1842 877 Ι777-

332 889 433 938 ὄ7·,α7·
457 898 564 931 vetus
588 892 876 932 0077770677777777777
902 892 1445 947 5777177707ῖ77]αό7ιία,ῳιαθ
1465 894 1517 933 Α
1513 907 1628 933 caela
1648 894 1843 948 trascripta

331 952 396 995 cst,
419 947 480 986 ἱ7α
499 948 686 1001 3077773773

501 1031 540 1068 Λ
535 1029 605 1069 οἷο
626 1044 691 1083 eqo
711 1031 915 1070 [Veneram
937 1037 970 1070 le.
991 1038 1131 1078 vocent,
1155 1031 1225 1070 sed
1245 1033 1293 1070 N
1291 1031 1465 1078 crimem,

506 1086 604 1124 077777
624 1086 782 1138 quidem
802 1087 938 1126 Mam·
959 1100 994 1126 es
1015 1086 1058 1125 777
1078 1086 1312 1126 comachium
1332 1087 1444 1127 (ἶαΐα.

333 1172 592 1213 TAYLOR.
639 1174 966 1227 Harpocration,
982 1174 1159 1222 ”Ανθεια,
1182 1177 1240 1215 ὅτι
1261 1178 1333 1225 μὲν
1355 1177 1488 1226 ἑταίρα
1508 1178 1639 1225 δῆλον.
1675 1175 1726 1225 μή
1747 1192 1842 1216 ποτε

333 1229 375 1267 δὲ
404 1227 567 1269 ’Ἄντεια
600 1230 793 1280 γραπτέον
827 1233 888 1270 διὰ
921 1234 988 1270 τοῦ
1022 1248 1054 1278 τ,
1089 1231 1171 1270 ἐπεὶ
1211 1233 1329 1272 οὕτως
1365 1233 1525 1282 εὕρομεν
1560 1234 1664 1281 παρὰ
1698 1233 1837 1284 Λυσίᾳ.

334 1284 458 1323 Hanc
489 1284 739 1338 scripturam
762 1286 852 1339 ipsa
875 1286 1003 1326 Hom.
1027 1286 1073 1326 Il.
1098 1288 1134 1333 6,
1162 1289 1254 1326 160.
1287 1286 1335 1326 δῖ’
1353 1285 1516 1327 ’Ἄντεια
1536 1287 1638 1327 satis
1659 1291 1838 1327 tutatur.

392 1364 602 1450 1351,15.
637 1398 880 1452 Στρατόλαν]
914 1398 1076 1438 Nomen
1098 1398 1211 1437 vilile
1239 1402 1303 1438 est
1326 1399 1549 1447 Στρατόλας
1579 1412 1654 1451 Plo
1675 1401 1840 1462 Στρατό-

330 1456 439 1499 λαος,
463 1453 495 1491 si
520 1453 644 1492 modo
665 1468 814 1492 nomen
836 1459 914 1501 cst,
938 1469 1019 1493 non
1042 1459 1154 1494 celte
1175 1453 1456 1493 foemininum.
1501 1453 1637 1504 Quale
1655 1454 1842 1507 suspicor

330 1507 549 1561 legendum
570 1523 659 1548 esse
677 1512 977 1573 Στρατόκλειαν.
1011 1511 1092 1549 RE
1100 1511 1212 1549 ISK.
1273 1510 1434 1549 Eadem
1460 1509 1840 1563 Schweighaeuseli

332 1563 521 1627 suspicio.
556 1565 608 1603 V.
632 1565 921 1605 Animadvers.
941 1566 982 1605 in
1000 1566 1157 1605 Athen.
1182 1565 1258 1605 xol.
1277 1576 1313 1618 7.
1337 1580 1375 1619 p
1394 1566 1487 1606 208.
1542 1544 1654 1604 Nihil
1675 1570 1840 1606 tentan-

331 1619 460 1658 dum
451 1635 492 1659 m
516 1620 678 1660 Doricis
700 1621 947 1668 nominibus7
972 1622 1138 1675 quando
1158 1621 1252 1661 lib1i
1267 1621 1542 1661 consentiunt.
1578 1623 1838 1661 SCHAEF.

392 1686 510 1729 1351,
539 1680 601 1715 16.
632 1676 852 1731 Ἰσθμιάδα]
887 1678 986 1718 Pari
1015 1678 1292 1731 appellatione
1322 1677 1584 1717 mulierculas
1614 1677 1729 1726 alias,
1763 1682 1839 1718 Νε-

330 1731 470 1781 μεάδα,
491 1733 728 1783 Πυθιονίκην
759 1738 850 1782 cte„
884 1734 1037 1787 passim
1069 1733 1203 1773 dictas
1234 1733 1476 1787 reperimus.
1508 1733 1754 1773 Athenaeus
1775 1747 1839 1787 13.

332 1802 370 1840 p.
394 1788 490 1840 587.
518 1789 593 1828 Καὶ
621 1788 822 1838 Νεμεάδος
849 1792 890 1829 δὲ
915 1793 979 1840 τῆς
1002 1791 1226 1840 αὐλητρίδος
1246 1789 1448 1841 (Ὑπερίδης
1468 1790 1697 1839 μνημονεύει
1720 1791 1762 1829 ἐν
1787 1793 1839 1844 τῷ

334 1847 428 1883 κατὰ
450 1844 737 1896 Πατροκλέους.
772 1846 860 1896 περὶ
886 1846 930 1896 ἧς
958 1845 1069 1895 ἄξιον
1091 1846 1296 1896 θαυμάζειν
1318 1850 1395 1887 πῶς
1422 1849 1616 1896 περιεῖδον
1636 1844 1839 1896 Ἀθηναῖοι

331 1901 427 1939 οὕτω
449 1901 840 1952 προσαγορευομένην
862 1902 932 1951 τὴν
951 1904 1110 1953 πόρνην,
1133 1903 1383 1953 πανηγύρεως
1412 1901 1660 1951 ἐνδοξοτάτης
1680 1902 1839 1951 ὀνόματι

331 1956 579 2007 κεχρημένην·
615 1959 805 1997 κεκώλυτο
827 1960 901 2009 γὰρ
922 1960 968 1998 τὰ
989 1961 1146 1997 τοιαῦτα
1167 1959 1343 1997 τίθεσθαι
1363 1958 1535 2007 ὀνόματα
1555 1958 1599 1997 οὐ
1618 1958 1740 2007 μόνον
1756 1961 1839 1999 ταῖς

331 2013 583 2062 ἑταιρούσαις,
607 2014 714 2052 ἀλλὰ
736 2014 796 2052 καὶ
817 2018 900 2055 ταῖς
917 2015 1059 2055 ἄλλαις
1087 2015 1253 2062 δούλαις,
1276 2015 1325 2055 ὥς
1356 2019 1455 2064 φησι
1476 2012 1672 2062 Πολέμων
1694 2015 1737 2053 ἐν
1758 2017 1839 2054 τοῖς

328 2068 415 2117 περὶ
435 2069 695 2118 ἀκροπόλεως.
728 2069 987 2109 TAYLOR.

391 2133 511 2176 1351,
538 2134 599 2175 17,
631 2124 943 2175 ἣν-ἐκτήσατο]
981 2125 1074 2178 Ego
1109 2124 1363 2178 scripsissem
1398 2123 1606 2164 lubentius
1638 2125 1738 2165 τίνες
1765 2125 1839 2173 μὲν

330 2178 398 2216 οὖν
431 2179 598 2228 ἑκάστην
628 2180 753 2219 αὐτῶν
781 2180 992 2229 ἐκτήσαντο
1021 2185 1096 2220 aut
1123 2181 1249 2233 juxta
1280 2180 1392 2219 illud,
1426 2179 1683 2218 TAYLOR.
1745 2179 1838 2219 Imo

328 2246 449 2272 vero:
483 2235 590 2275 ὅστις
609 2236 682 2283 μὲν
703 2236 771 2274 οὖν
794 2236 960 2285 ἑκάστην
981 2236 1105 2274 αὐτῶν
1127 2236 1327 2284 ἐκτήσατο.
1363 2236 1564 2274 REISK.
1614 2235 1741 2284 Quam
1762 2235 1837 2288 797-

329 2294 396 2328 7777·
425 2303 561 2328 aarum
586 2289 745 2342 quisque
775 2291 921 2330 emerit.
984 2291 1092 2341 Quid
1112 2291 1283 2331 tandem
1311 2291 1387 2330 hac
1412 2290 1453 2329 in
1480 2290 1620 2343 phrasi
1641 2294 1705 2330 est
1726 2290 1837 2344 quod

328 2344 513 2384 offendat
526 2346 538 2383 ἓ
571 2346 635 2383 SC
643 2346 685 2383 H
692 2347 774 2385 AE
782 2347 830 2384 F.

390 2410 510 2453 1351,
528 2413 592 2441 21.
615 2401 830 2451 Νικαρέτης
845 2400 912 2455 ἦν]
933 2401 1339 2441 V.Va101<ena1·iana
1357 2416 1462 2455 quae
1479 2401 1571 2441 dedi
1587 2402 1641 2442 ad
1661 2401 1707 2441 L.
1722 2401 1836 2442 Bosii

329 2455 475 2509 Ellips.
511 2471 549 2508 p.
577 2456 669 2495 118.
722 2457 830 2497 Cave
862 2461 1002 2496 tamen
1039 2457 1088 2496 dc
1125 2457 1257 2510 cllipsi
1298 2457 1473 2497 nominis
1506 2460 1624 2507 δούλη
1665 2457 1834 2511 cogites.

328 2511 578 2552 SCHAEF.

386 2567 928 2620 εἰργάζετο-μισθαρνοῦσα]
965 2568 1035 2607 Ad
1065 2568 1174 2608 hunc
1209 2568 1343 2608 locum
1379 2574 1422 2609 et
1453 2569 1623 2622 parilem
1657 2569 1766 2609 infra
1793 2584 1833 2623 p.

332 2635 451 2676 1353,
479 2635 539 2662 12.
571 2623 791 2663 adnotavit
810 2623 1036 2664 Lambinus
1068 2625 1277 2675 εἰργάσατο
1309 2626 1410 2673 τρισὶ
1440 2625 1647 2675 τρυπάναις
1673 2628 1835 2676 μισθαρ-

328 2682 462 2718 νοῦσα.
501 2680 611 2731 quod
641 2679 788 2719 sumsit
810 2694 860 2719 ex
883 2679 1150 2733 Hermogenc
1174 2680 1215 2719 in
1242 2695 1330 2733 cap.
1354 2681 1441 2731 περὶ
1462 2682 1651 2731 ἀφελείας
1676 2680 1769 2732 [vol.
1793 2694 1832 2733 3.

328 2749 368 2786 p.
393 2734 489 2785 308.
519 2735 583 2773 ed.
609 2735 791 2785 lValzff:
824 2739 956 2774 Ταῦτα
984 2737 1059 2786 γὰρ
1095 2736 1155 2774 καὶ
1183 2738 1229 2775 τὰ
1265 2740 1423 2776 τοιαῦτα
1457 2737 1499 2775 ἐν
1525 2737 1598 2785 μὲν
1636 2738 1834 2778 ἰδιωτικοῖς

327 2791 462 2839 λόγοις
512 2792 605 2831 ἴσως
656 2791 703 2829 ἂν
750 2793 969 2842 ἁρμόσειεν·
1016 2793 1057 2830 ἐν
1107 2792 1274 2845 δημοσίῳ
1321 2792 1381 2831 καὶ
1430 2795 1655 2841 τηλικοῦτον
1703 2792 1834 2843 ἔχοντι

328 2846 474 2893 ἀξίωμα
502 2847 609 2899 λόγῳ
649 2850 726 2887 πῶς
754 2846 802 2886 ἂν
835 2848 1037 2898 ἑιρμόττοις
1072 2849 1246 2886 τοιοῦτόν
1283 2850 1366 2887 ἐστι
1400 2848 1461 2887 καὶ
1493 2847 1536 2886 τὸ
1567 2849 1610 2887 ἐν
1641 2848 1692 2901 τῷ
1737 2848 1831 2887 κατὰ

328 2902 495 2950 Νεαίρας
532 2901 804 2951 ὠβελισμένον
847 2905 920 2942 ὑπό
951 2919 1077 2950 τινων,
1115 2903 1157 2941 τὸ
1207 2904 1282 2943 ἀπὸ
1319 2907 1431 2954 τριῶν
1471 2902 1724 2954 τρυπημάτων
1763 2902 1830 2951 τὴν
