1925 3215
606 141 664 178 IN
701 140 1164 177 DEMOSTHENEM.

130 240 386 282 A1istodemus,
415 241 505 276 filius
536 242 744 282 Aristotelis,
773 242 850 276 Pal-

176 288 339 327 lenensis,
364 295 459 332 pater
484 288 586 327 illius,
605 289 663 341 qui
690 300 850 322 caussam

176 333 242 367 adi
236 345 343 367 ersus
368 335 394 368 Ι
397 334 576 368 eocharern
600 335 670 379 egit
693 337 779 369 1080
798 346 849 380 5(1.

181 381 319 424 ¹033st

130 426 355 469 Alistogencs
385 427 565 472 aliquoties
600 437 850 460 commemora-

176 477 233 505 tus
270 473 304 505 in
346 484 469 506 caussa
511 471 661 517 Spudiae
693 484 790 517 1030,
817 474 850 506 8.

180 529 278 563 1031,
297 529 330 562 3
356 529 525 562 1033,13.
549 529 648 563 1034,
669 531 702 560 4.
721 525 753 552 et
772 530 826 552 21

129 564 377 609 Aristogitonis
419 571 452 598 ct
496 564 678 598 Harmodii
723 565 851 609 posteri

176 611 350 644 immunes
375 617 472 644 erant
497 623 516 644 a
539 610 760 656 quibusdam,
781 623 850 644 non

175 656 218 690 ab
237 657 402 690 omnibus
426 657 631 690 muneribus
655 656 696 690 ad
721 663 851 691 statum

174 703 303 746 patriae
333 702 504 736 tuendum
534 703 741 737 facientibus
770 703 850 745 462,

180 760 234 793 19.

128 795 359 839 Aristogiton,
378 801 494 829 orator
515 800 548 828 et
569 795 796 839 sycophanta,
816 795 851 829 in

175 853 279 886 quem
308 841 522 875 invehuntur
548 841 636 874 duae
665 841 850 881 orationes,

175 899 261 932 quas
297 887 544 921 Demosthenis
574 899 648 920 0550
679 893 761 921 511111
792 888 850 932 (1111

175 939 315 978 negent,
337 943 402 978 770
421 946 472 979 sq.
497 933 615 967 novies
640 933 851 967 Demosthe-

176 991 255 1012 nem
275 980 449 1014 accusavit
470 980 546 1024 781,
560 980 592 1013 6.
612 979 851 1024 quinquennio

174 1031 248 1059 toto
281 1037 301 1059 a
333 1026 407 1059 foro
441 1025 551 1059 abfuit
584 1038 625 1059 ex
667 1025 851 1060 interdicto

176 1072 254 1116 783,
282 1083 312 1105 2.
340 1078 472 1116 patrem
498 1071 590 1116 apud
618 1071 788 1105 Eretriam
815 1073 851 1106 in

173 1129 308 1152 carcere
343 1118 575 1152 tabescentem
619 1117 780 1157 deseruit,
815 1119 850 1152 in

174 1176 244 1209 quo
267 1165 325 1198 illo
348 1164 525 1203 defuncto,
547 1164 656 1197 factos
681 1165 718 1197 in
742 1165 849 1198 sunus

174 1216 312 1244 sumtus
336 1210 431 1244 haud
454 1210 583 1244 refudit
608 1212 685 1255 787,
704 1221 736 1254 3.
775 1211 850 1256 Hy-

174 1256 328 1300 peridem
347 1256 389 1290 de
407 1256 556 1302 quadam
576 1257 650 1300 ejus
672 1257 850 1300 rogatione

173 1303 349 1336 accusavit
372 1304 451 1346 803,
472 1312 526 1347 27.
557 1303 683 1336 carceri
706 1303 849 1336 manda-

174 1354 232 1382 tus
256 1355 308 1382 est
331 1350 500 1393 1478,19.
536 1348 695 1382 61111101
719 1348 849 1383 Demo-

173 1394 313 1428 sthenes
347 1407 380 1439 p.
409 1396 507 1439 1483,
535 1394 590 1428 26.
630 1401 662 1427 et
690 1396 789 1439 1485,
815 1405 848 1439 5.

173 1441 405 1475 Athenienses
424 1441 597 1486 objurgat,
612 1441 682 1485 qui,
699 1452 849 1486 (1110111111

173 1488 309 1520 veniam
344 1487 586 1531 Aristogitoni,
617 1487 751 1520 homini
784 1499 849 1520 im-

174 1545 273 1577 puro,
301 1533 488 1573 dedissent,
515 1545 553 1566 ea
579 1533 614 1566 111
642 1544 689 1572 50,
720 1533 849 1567 Demo-

174 1579 307 1619 sthene,
331 1580 451 1613 exsilio
474 1579 704 1623 punivissent‚
729 1579 848 1612 sortis-

173 1637 240 1670 que
255 1637 336 1659 suae
350 1625 544 1670 ingemiscit
557 1625 746 1665 acerbitati,
761 1637 848 1670 quae

174 1683 210 1705 se
240 1671 283 1705 ad
314 1678 446 1705 tantam
474 1671 678 1704 detrusisset
708 1671 848 1704 humili-

172 1723 289 1757 tatem,
316 1724 354 1751 ut
381 1729 462 1751 cum
489 1718 726 1761 Aristogitone
753 1729 847 1751 com-

172 1769 361 1808 pararetur.
405 1763 557 1797 Necesse
597 1770 648 1796 est
686 1770 725 1796 ut
763 1763 847 1797 haec

172 1810 421 1854 Aristogitonis
455 1809 626 1843 absolutio
656 1809 691 1842 in
725 1821 848 1843 caussa

172 1856 399 1900 pecuniarum
436 1855 702 1900 Harpalicarum
744 1857 847 1899 paulo

172 1908 252 1935 ante
279 1902 501 1945 praecesserit
529 1901 689 1935 exsilium
716 1901 846 1935 Demo-

173 1947 316 1987 sthenis,
343 1948 532 1991 imperante
550 1947 746 1990 Antipatro.
782 1947 846 1980 Pa-

171 2000 223 2026 ter
237 1993 485 2035 Aristogitonis
503 1993 568 2026 fuit
588 1992 845 2037 Cydomachus.

173 2051 205 2072 v.
224 2039 393 2072 Dinarch.
413 2050 446 2082 p.
466 2038 541 2078 106,
561 2038 593 2072 6.
612 2038 665 2072 ed.
687 2039 806 2083 Steph.

125 2085 321 2118 Aristolaus
354 2085 448 2129 apud
476 2085 644 2125 Thasum,
679 2085 758 2119 fort.
794 2091 846 2130 ty-

172 2143 304 2164 rannus
328 2131 471 2170 insulae,
491 2131 758 2164 Atheniensium
781 2132 846 2165 ini-

172 2177 284 2211 micus
303 2188 381 2221 294,
400 2187 452 2210 10.

126 2223 380 2262 Aristolochus,
408 2222 607 2256 Charideini
635 2222 737 2262 filius,
765 2232 845 2268 959,

173 2280 228 2311 24.
254 2269 428 2313 trapezita,
455 2268 564 2302 donec
590 2269 695 2302 rebus
722 2281 845 2302 secun-

173 2315 225 2348 dis
251 2315 398 2354 floreret,
417 2327 436 2348 a
460 2315 637 2359 Stephano
663 2315 787 2348 studiis
813 2322 846 2349 et

172 2361 293 2394 officiis
326 2362 452 2400 cultus,
486 2373 608 2394 rursus
646 2361 688 2394 ab
723 2361 846 2394 eodem

173 2412 370 2440 contemtus
411 2413 513 2458 atque
559 2408 726 2451 protritus
767 2407 844 2447 fuit,

171 2452 275 2486 rebus
293 2452 367 2496 ejus
384 2453 510 2486 0101515
532 2464 545 2486 1
557 2464 630 2493 120,
650 2464 705 2486 21.

125 2498 389 2531 Aristomachus
421 2498 622 2539 Critodemi,
652 2499 844 2542 Alopecen-

172 2544 231 2583 sis,
265 2555 284 2576 a
318 2543 542 2587 Cersoblepte
571 2551 604 2577 et
635 2544 844 2578 Charidcmo

171 2590 339 2633 interpres
363 2589 407 2622 ad
424 2589 654 2623 Athenienses
678 2591 846 2634 allegatur

173 2636 252 2677 624,
272 2634 326 2668 26.
349 2634 428 2679 657,
447 2646 479 2679 3.
502 2646 601 2679 1333,
621 2646 673 2669 10.
696 2647 794 2680 1353,
814 2648 842 2669 1.

125 2680 402 2720 Aristomachus,
421 2681 479 2725 qui
505 2681 754 2715 Thesmotheta
778 2682 844 2716 fuit

178 2726 277 2770 136-,
294 2736 327 2768 5.

125 2773 361 2806 Aristomenes
379 2771 618 2816 Anagyrasius
640 2782 737 2817 1047,
757 2784 812 2807 20.

126 2818 358 2856 Aristonicus,
374 2817 614 2857 Phrearrhius,
628 2819 844 2863 rogationem

173 2863 215 2897 de
232 2863 424 2896 honoribus
443 2863 672 2897 Demostheni
690 2864 844 2898 deferen-

173 2909 226 2943 dis
249 2909 384 2942 dudum
406 2914 484 2942 ante
504 2908 766 2953 Ctesiphontem
788 2917 844 2944 tu-

173 2957 268 2995 lerat,
294 2955 392 2999 cujus
416 2955 604 2999 rogationis
624 2955 774 2989 formula
796 2957 843 2990 le-

1539 138 1639 177 1465

962 243 1057 283 gitur
1080 256 1112 287 p
1130 251 1278 285 233,12
1306 241 1522 286 rogationem
1545 241 1638 275 illam

966 289 1123 322 Diondas
1150 289 1274 334 aliquis
1301 288 1506 322 labefactare
1533 299 1636 321 cona-

963 341 1020 368 tus
1048 347 1171 368 caussa
1200 334 1323 368 cecidit
1349 345 1428 377 302,
1453 344 1503 378 15.
1531 333 1638 367 dicta-

963 387 1057 414 xerat
1084 382 1177 414 illam
1203 381 1391 414 Aristonici
1422 359 1639 424 rogationem

963 427 1086 472 aliquis
1116 427 1335 460 Demomeles
1361 437 1441 470 302,
1471 437 1525 459 22.
1560 426 1640 459 Α11-

964 473 1120 506 5101110115
1142 473 1197 506 1110
1218 473 1358 506 infamia
1382 478 1534 511 notatus,
1554 472 1588 505 h.
1608 484 1638 506 e.

958 520 1037 563 jure
1055 519 1119 552 fori
1143 518 1384 564 frequentandi
1408 525 1440 552 et
1464 518 1639 552 honorum

964 565 1194 609 petendorum
1241 566 1408 609 privatus,
1457 564 1640 609 colligebat

965 612 1159 655 pecuniam,
1185 623 1254 656 quo
1281 612 1462 656 pristinam
1489 611 1640 653 dignita-

964 663 1034 690 tem
1063 664 1290 701 recuperaret,
1322 669 1455 695 verum,
1490 664 1638 691 11110110-

964 703 1079 737 11101110
1107 704 1212 737 atroci
1243 704 1299 737 illa
1328 703 1371 736 ad
1401 703 1638 737 Chaeroneam

964 749 1071 789 clade,
1102 750 1283 794 pecuniam
1317 750 1410 783 illam
1445 750 1566 782 maluit
1595 748 1639 782 ad

964 796 1111 829 salutem
1136 797 1265 840 patriae
1291 795 1456 829 tuendam
1484 795 1640 829 conferre

965 852 1044 885 329,
1064 853 1116 876 12.

916 888 1114 927 Aristono'e,
1147 888 1345 921 Philostrati
1380 887 1458 927 filia,
1491 887 1639 931 Callippi

963 945 1064 973 uxor,
1084 934 1275 978 Phaenippi
1295 940 1404 966 mater
1426 943 1523 977 1047,
1542 933 1562 966 6

916 980 1126 1014 Aristonous
1148 980 1347 1013 Decelensis
1369 979 1468 1023 1236,
1487 991 1540 1021 14.

917 1026 1133 1070 Aristophon
1155 1026 1391 1068 (Azeniensis)
1410 1035 1465 1070 97,
1486 1037 1537 1067 14.
1574 1037 1639 1059 nu-

963 1079 1116 1106 meratur
1140 1073 1174 1106 in
1197 1072 1400 1106 caussidicis
1424 1078 1498 1105 turn
1517 1077 1639 1115 poten-

962 1119 1106 1152 tissimis
1141 1129 1218 1160 501,
1241 1130 1294 1160 24.
1331 1118 1468 1162 Leptini
1502 1124 1639 1162 praesto

962 1164 1038 1204 fuit,
1058 1165 1295 1208 patrocinatus
1318 1165 1385 1207 legi
1405 1164 1446 1197 de
1469 1163 1640 1197 abolenda

962 1211 1193 1250 immunitate,
1222 1211 1380 1256 quamvis
1408 1211 1481 1254 ipse
1510 1210 1638 1243 immu-

963 1257 1069 1290 nitate
1099 1257 1222 1290 suisset
1255 1263 1399 1290 ornatus
1430 1256 1511 1290 ibid.
1550 1267 1641 1289 non-

963 1304 1059 1336 nulla
1092 1303 1200 1336 suasit
1233 1315 1365 1341 eorum,
1398 1314 1484 1347 quae
1518 1302 1638 1336 civitas

962 1349 1232 1382 Atheniensium
1252 1349 1359 1382 invita
1376 1349 1536 1392 Philippo
1555 1360 1638 1382 con-

963 1395 1065 1428 cessit
1085 1396 1163 1437 248,
1182 1397 1215 1429 8.
1241 1396 1314 1439 ejus
1332 1395 1466 1439 rogatio
1485 1395 1528 1428 de
1545 1395 1638 1438 lega-

962 1442 1006 1474 tis
1029 1441 1072 1474 ad
1093 1441 1295 1493 Philippum
1318 1441 1460 1474 navium
1482 1447 1640 1485 repeten-

963 1487 1087 1520 darum
1105 1499 1229 1521 caussa
1250 1488 1467 1521 mittendisz
1450 1497 1527 1538 250,
1546 1499 1567 1529 4
1585 1498 1637 1532 sq.

962 1533 1097 1566 studuit
1137 1533 1324 1567 Thebanos
1365 1534 1401 1566 in
1441 1533 1639 1567 societatem

962 1579 1042 1613 belli
1076 1579 1142 1613 ι1ᾶ1
1134 1591 1243 1613 015115
1274 1579 1475 1624 Philippum
1506 1585 1637 1623 pertra-

961 1625 1042 1658 here
1061 1626 1139 1665 281,
1156 1627 1208 1659 18.
1235 1626 1300 1659 fuit
1317 1627 1430 1659 clarus
1449 1632 1565 1659 orator
1582 1636 1639 1670 97,

966 1683 1017 1713 14.
1053 1683 1131 1716 301,
1167 1674 1218 1705 18.
1253 1672 1334 1716 436,
1368 1683 1420 1716 13.
1463 1672 1637 1705 accusavit

962 1718 1181 1751 Philonicum
1217 1729 1296 1762 434,
1327 1729 1381 1751 21.
1422 1718 1640 1761 rogationem

961 1764 1040 1797 tulit
1058 1763 1100 1797 de
1117 1764 1273 1807 legendis
1295 1764 1560 1808 inquisitoribus
1578 1776 1638 1807 pe-

961 1810 1144 1843 cuniarum
1167 1816 1200 1843 et
1218 1810 1391 1843 bonorum
1415 1810 1638 1853 publicorum

960 1867 978 1888 e
995 1855 1084 1889 fanis
1103 1862 1135 1888 et
1154 1856 1284 1889 aerario
1302 1862 1542 1907 surreptorum
1559 1865 1638 1907 703,

964 1912 1016 1934 10.
1044 1901 1135 1934 diem
1158 1902 1206 1934 rei
1223 1902 1377 1945 capitalis
1402 1901 1512 1935 dixit
1506 1902 1558 1940 115,
1578 1902 1637 1946 qui

960 1947 1134 1980 elocandis
1169 1947 1452 1981 trierarchatibus
1493 1947 1566 1980 suis
1600 1947 1636 1981 in

961 2004 1085 2026 caussa
1126 1993 1275 2026 fuissent
1322 2000 1361 2026 ut
1405 2005 1459 2027 res
1507 1994 1638 2027 11ι11ι1115

961 2039 1229 2073 Atheniensium
1256 2039 1423 2072 deteriore
1445 2040 1522 2073 loco
1547 2046 1638 2073 esset

961 2091 1064 2130 atque
1093 2086 1211 2119 classis
1242 2085 1285 2119 ab
1313 2085 1524 2125 Alexandro,
1556 2085 1638 2119 Phi-

960 2131 1044 2181 lippi
1087 2132 1306 2175 imperatore,
1348 2132 1479 2175 proelio
1525 2143 1592 2165 nai
1594 2132 1639 2165 ali

961 2178 1156 2210 xinceretur
1186 2188 1283 2221 1230,
1306 2189 1346 2221 15
1373 2189 1424 2223 sq.
1456 2188 1555 2222 1232,
1581 2188 1636 2219 24.

960 2224 1014 2256 lex
1038 2224 1112 2267 ejus
1136 2223 1177 2257 de
1203 2230 1396 2257 mercatura
1423 2224 1553 2257 forensi
1578 2236 1638 2257 ex-

959 2269 1107 2302 ercenda
1131 2271 1261 2314 populo
1288 2269 1476 2303 admodum
1507 2270 1636 2314 placuit

962 2316 1062 2359 1308,
1082 2327 1134 2349 12.
1161 2316 1293 2359 rogatio
1316 2316 1390 2360 ejus
1409 2315 1451 2349 de
1473 2316 1607 2349 classe
1600 2328 1635 2349 in

960 2361 1114 2395 Pontum
1146 2361 1326 2400 mittenda,
1358 2373 1445 2406 quae
1482 2362 1634 2395 Procon-

959 2408 1073 2441 nesios
1104 2407 1271 2441 adversus
1302 2407 1494 2452 Cyzicenos
1523 2415 1636 2441 tuere-

957 2459 1026 2493 tur,
1063 2453 1291 2498 Miltocythae
1320 2453 1487 2487 adversus
1520 2454 1635 2498 Cotyn

959 2505 1187 2539 succurreret,
1220 2499 1504 2532 Cherrhonesum
1535 2511 1634 2533 recu-

958 2551 1102 2589 peraret,
1121 2552 1298 2578 vecturam
1316 2545 1482 2578 frumenti
1505 2557 1522 2578 e
1540 2545 1632 2578 Pon-

958 2597 993 2624 to
1018 2602 1175 2624 securam
1198 2590 1368 2629 redderet,
1390 2602 1499 2635 eoque
1521 2591 1634 2624 effice-

957 2642 1007 2669 ret
1034 2642 1072 2670 ut
1093 2637 1310 2669 frumentum
1335 2636 1483 2669 Athenis
1503 2636 1633 2671 vilioris

957 2682 1090 2715 veniret
1119 2683 1219 2721 1208,
1246 2682 1278 2715 8.
1317 2681 1462 2715 redditis
1496 2683 1634 2716 coronis

957 2727 1215 2761 accusationem
1263 2728 1443 2771 peculatus
1491 2728 1634 2761 sustulit

957 2774 1038 2816 584,
1061 2784 1113 2814 14·

911 2818 1127 2862 Aristophon
1147 2818 1357 2863 Collytensis
1377 2828 1454 2861 250,
1474 2819 1524 2852 18.

910 2864 1133 2908 Aristophon
1160 2864 1384 2909 sycophanta,
1403 2865 1546 2909 quicum
1572 2865 1636 2898 Ze-

957 2910 1131 2943 nothemis
1151 2910 1299 2950 collusit,
1314 2916 1347 2943 et
1364 2912 1464 2955 cujus
1481 2911 1633 2945 versutia

957 2962 1060 3000 atque
1077 2955 1219 3000 perfidia
1237 2962 1415 2990 enarratur
1432 2957 1510 2999 885,
1530 2968 1562 3001 9.
