1956 3236
517 145 839 186 ADVERSUS
875 145 1175 186 AplrloJWM
1216 147 1249 185 Ι.
1531 146 1640 184 1053

128 252 181 292 sit
217 251 499 293 testiinonium
518 262 546 291 ⁰.
611 253 681 291 Ad
718 267 858 291 omnes
895 258 1034 292 autem
1076 252 1179 291 istas·
1216 250 1396 303 quinque
1432 249 1641 289 orationes

128 309 284 349 tutelae
307 308 472 348 nomine
500 307 677 362 scriptas
700 309 810 362 quod
840 309 1006 355 attinet,
1025 309 1110 360 jam
1133 308 1186 347 ab
1209 305 1394 359 antiquis
1415 305 1568 344 criticis
1590 306 1640 345 (le

127 379 268 404 earum
304 370 476 405 auctore
508 365 769 418 disputatum
801 371 892 411 est3
932 365 1001 404 alii
1039 365 1091 404 ab
1127 363 1244 403 Isaeo
1281 362 1461 415 scriptas
1497 361 1640 401 existi-

126 425 337 469 maruntl‘,
361 422 429 461 alii
459 421 638 475 scriptas
668 422 832 474 quidem
862 438 885 461 a
913 421 1203 466 l)‹‘›1111›stl1‹.·11‹=‚
1226 419 1297 458 sed
1326 419 1379 458 ab
1408 418 1524 457 Isaeo
1554 433 1640 457 eor-

126 482 262 517 reetas
291 483 418 531 atque
440 477 606 517 limatas
634 494 722 517 esse
744 485 1037 517 censiufrunt‘l.
1103 477 1149 515 ln
1173 476 1321 529 quibus
1350 475 1445 514 licet
1468 474 1640 513 similem

127 547 215 573 esse
239 534 343 574 lsaei
365 533 534 573 ‹lietioni
564 534 794 574 orationem
819 549 938 573 nenio
968 532 1179 587 negaverit
1195 541 1217 579 s,
1242 531 1394 571 rectius
1418 536 1570 577 tamen,
1595 536 1641 571 ut

126 589 303 638 videtur,
335 590 375 629 in
407 595 655 643 argumento
686 591 747 630 ait
781 590 1006 630 Libanius:
1051 589 1275 639 θαυμαστὸν
1307 587 1336 627 δ’
1365 588 1477 627 οὐδὲν
1510 589 1542 626 εἰ
1573 587 1642 626 τὸν

127 646 365 686 διδάσκαλον
399 647 623 696 ἐμιμήσατο,
661 648 722 687 καὶ
757 647 910 697 μηδέπω
946 646 1041 695 πρὸς
1073 646 1116 684 τὸ
1149 645 1303 683 τέλειοι)
1336 644 1438 693 ἥκων
1476 644 1537 683 ἐπὶ
1573 643 1642 683 Τὸν

127 703 276 743 ἐκείνου
296 705 519 755 χαρακτῆρα
539 704 670 757 μετῄει
691 703 798 745 τέως.
838 701 1180 742 WESTERMA
1194 700 1283 739 NN.

187 863 289 903 Post
321 878 369 903 ea,
404 876 509 916 quae
540 862 590 901 (le
623 865 871 915 argumento
908 860 1055 900 haruin
1092 860 1329 900 orationum
1365 861 1419 901 ab
1454 861 1511 898 W
1515 866 1642 902 ester-

126 934 279 959 manno
311 923 408 959 sunt
438 917 640 972 exposita,
674 917 878 971 reliquum
911 922 973 956 est
1004 922 1051 956 ut
1083 917 1134 956 de
1170 917 1552 970 computationibus
1584 918 1642 957 (li-

126 981 248 1016 catur
284 990 386 1029 quas
419 974 722 1015 Demosthenes
759 978 905 1013 contra
935 979 1098 1013 tutores
1132 972 1227 1012 olim
1259 988 1355 1013 suos
1385 973 1448 1013 his
1479 973 1519 1012 in
1552 989 1642 1014 ora-

126 1032 310 1073 tionibus
332 1031 529 1072 instituit.
591 1030 661 1070 Ad
685 1044 786 1083 quas
808 1029 1096 1083 intelligendas
1119 1044 1222 1083 opus
1248 1037 1312 1069 est
1333 1032 1379 1069 ut
1407 1044 1487 1069 non
1510 1031 1642 1070 solum

126 1088 305 1135 termini,
328 1103 353 1128 a
382 1087 531 1141 quibus
559 1087 744 1140 singulae
772 1101 990 1126 usurarum
1020 1100 1204 1126 summae
1233 1091 1501 1140 computatae
1531 1092 1641 1135 sunt,

127 1145 198 1185 sed
216 1145 342 1185 etiam
360 1143 654 1184 Demosthenis
676 1142 1010 1196 computationes
1032 1143 1085 1182 ab
1103 1142 1151 1181 iis
1170 1158 1271 1196 quas
1294 1148 1456 1183 tutores
1478 1143 1642 1183 institu-

127 1206 250 1241 erunt
285 1201 505 1255 diligenter
538 1200 862 1253 distinguantur.
924 1198 1083 1249 Quibus
1120 1198 1162 1237 in
1197 1199 1321 1239 rebus
1356 1214 1481 1252 quum
1518 1199 1642 1239 inter-

126 1262 266 1311 pretes
288 1257 435 1297 harum
456 1256 692 1297 orationum
715 1270 795 1295 non
818 1255 922 1295 satis
944 1260 1140 1295 accurate
1161 1255 1312 1296 versati
1336 1260 1487 1303 essent,
1510 1255 1543 1295 l.
1563 1256 1638 1295 Th.

129 1313 368 1354 Voemelius
404 1313 587 1353 rationes
622 1317 664 1352 et
699 1311 994 1351 Demosthenis
1031 1317 1072 1351 et
1106 1316 1294 1351 tutorum
1328 1311 1441 1351 clara
1476 1312 1515 1351 in
1553 1312 1642 1353 luce

127 1370 344 1410 collocavit
366 1369 405 1408 in
428 1368 779 1409 connnentatione
804 1368 954 1407 Museo
976 1367 1223 1422 philologieo
1246 1368 1448 1408 Rhenano
1469 1383 1494 1408 a
1525 1369 1641 1422 1845.

128 1442 168 1480 p.
203 1436 451 1480 434—445.
489 1426 659 1472 inserta,
697 1430 855 1478 septem
892 1423 1091 1463 confectis
1127 1424 1292 1472 tabulis,
1329 1439 1442 1477 quas,
1481 1424 1642 1463 omissis

127 1483 311 1537 priorum
353 1482 631 1536 interpretum
672 1481 894 1527 erroribus,
936 1480 1043 1520 infra
1083 1480 1294 1534 posuimus
1337 1480 1376 1519 in
1420 1481 1641 1533 Anglieam

127 1539 311 1593 linguam
341 1539 569 1579 translatas
599 1553 624 1578 a,
656 1538 699 1577 C.
726 1538 776 1577 K.
803 1536 1014 1576 Wawtsono
1043 1535 1085 1575 in
1113 1537 1262 1576 Museo
1291 1536 1461 1577 classico
1492 1537 1643 1577 Londi-

128 1595 245 1635 nensi
267 1595 343 1635 vol.
367 1608 406 1648 3.
432 1610 470 1649 p.
497 1606 575 1648 255
599 1609 711 1647 seqq.

723 1724 919 1764 TABLE
953 1724 985 1764 I.

395 1814 473 1838 THE
494 1813 682 1838 INTEREST
704 1814 735 1837 is
755 1813 1008 1838 CALCCLATED
1030 1798 1092 1837 ἐπὶ
1114 1797 1276 1852 δραχμῇ,
1300 1797 1325 1837 i.
1349 1812 1379 1837 e.

452 1886 465 1909 1
488 1874 614 1909 drach.
637 1885 702 1920 per
722 1873 853 1908 month
875 1886 923 1908 on
948 1885 956 1908 1
980 1873 1067 1908 min.
1088 1875 1237 1916 (=100
1259 1872 1329 1917 dr.)

376 1940 387 1963 1
409 1940 475 1974 per
495 1933 590 1962 cent.
612 1939 677 1973 per
697 1926 876 1961 mouth:
893 1938 932 1960 12
956 1938 1021 1972 per
1041 1932 1135 1960 cent.
1158 1937 1223 1972 per
1242 1937 1389 1960 annum.

384 1980 429 2015 In
449 1986 512 2015 ten
532 1992 639 2027 years
659 1979 722 2014 the
743 1979 875 2026 capital
892 1979 964 2013 will
983 1979 1028 2013 be
1049 1978 1240 2013 increased
1259 1978 1308 2025 by
1328 1990 1342 2012 1
1357 1985 1386 2019 ξ.

138 2046 149 2069 1
172 2034 288 2070 talent
307 2036 367 2079 (ε
379 2033 427 2068 60
448 2033 556 2078 min.)
573 2032 703 2079 brings
724 2032 761 2066 in
784 2043 858 2077 720
880 2032 1043 2079 d1·.=7÷
1062 2031 1151 2068 min.
1174 2043 1239 2078 per
1258 2043 1408 2073 annum,
1430 2030 1502 2065 and
1522 2031 1559 2065 in
1580 2035 1643 2065 ten

411 2098 517 2134 years
541 2097 585 2132 72
610 2085 740 2120 minae.
789 2084 940 2132 (Comp.
961 2085 1054 2132 Aph.
1070 2085 1096 2119 Ι.
1118 2097 1151 2131 p.
1175 2084 1263 2124 816,
1283 2085 1357 2130 12.)

138 2170 149 2193 1
171 2158 287 2193 talent
305 2157 435 2204 brings
454 2157 491 2192 in
514 2167 559 2203 72
583 2156 668 2191 min.
689 2155 811 2199 (=1÷
830 2155 965 2199 talent)
989 2155 1026 2190 in
1045 2160 1108 2190 ten
1128 2167 1243 2202 years.

191 2224 443 2265 Observatae'on
470 2224 745 2272 1.—Onetor‚
785 2238 831 2264 as
871 2238 896 2263 a
940 2221 1167 2276 particular
1206 2225 1275 2261 act
1315 2220 1361 2261 of
1400 2218 1644 2274 friendship,

131 2281 302 2321 allowed
324 2281 582 2322 Timocrates
610 2285 655 2320 to
682 2284 759 2334 put
790 2279 854 2319 his
881 2279 1039 2319 sister's
1065 2279 1204 2331 dowry
1225 2282 1299 2317 out
1319 2281 1364 2317 to
1385 2276 1560 2317 interest
1583 2277 1645 2316 ἐπὶ

132 2336 236 2377 πέντ’
261 2339 422 2387 ὀβολοῖς
449 2342 542 2392 (per
572 2337 732 2382 month,
754 2336 780 2376 i.
799 2350 833 2375 e.
858 2349 906 2375 10
927 2349 1002 2389 per
1033 2340 1139 2374 cent.
1169 2348 1243 2387 per
1273 2334 1462 2381 annum).
1512 2333 1642 2383 (Adv.

133 2393 257 2433 Onet.
284 2393 316 2433 I.
338 2408 379 2447 p.
403 2394 496 2442 866,
520 2395 579 2445 4.)
642 2392 727 2432 But
748 2392 832 2432 this
861 2396 1013 2431 cannot
1040 2391 1093 2431 be
1119 2389 1286 2444 applied
1313 2394 1358 2429 to
1382 2389 1454 2429 the
1482 2393 1574 2428 rate
1603 2388 1649 2428 of

132 2449 308 2489 interest
339 2464 393 2489 on
418 2449 733 2489 Demosthenes'
749 2452 960 2502 property,
984 2447 1117 2486 which
1147 2446 1220 2486 the
1247 2453 1391 2485 orator
1422 2444 1644 2484 calculates

133 2506 195 2545 ἐπὶ
216 2508 379 2561 δραχμῇ,
401 2520 447 2546 as
469 2506 520 2545 he
539 2505 774 2558 frequently
795 2504 1006 2558 expressly
1028 2507 1174 2551 states,
1197 2501 1400 2555 although
1429 2501 1481 2541 he
1509 2500 1644 2554 might

133 2561 333 2601 calculate
354 2561 417 2601 his
437 2561 635 2602 mother's
657 2562 797 2614 dowry
818 2566 863 2600 at
887 2561 944 2600 ἐπ”
960 2559 1056 2599 ἐννέ’
1072 2561 1234 2609 ὀβολοῖς
1251 2557 1295 2611 (i.
1313 2572 1347 2597 e.
1370 2558 1415 2597 18
1438 2571 1513 2611 per
1533 2562 1641 2596 cent.

133 2632 206 2671 per
225 2620 411 2670 annum),
434 2632 480 2658 as
500 2618 553 2658 he
573 2631 738 2658 assures
760 2631 819 2656 us.
850 2616 1042 2670 (Aphob.
1062 2615 1098 2654 Ι.
1119 2629 1158 2668 p.
1183 2615 1277 2663 818,
1303 2616 1386 2668 29.)

177 2762 195 2779 0
213 2755 252 2784 In
270 2755 446 2786 Comment.
465 2756 564 2786 Acad.
583 2755 686 2785 Berol.
705 2766 732 2784 a.
751 2755 840 2785 1818.
966 2758 979 2776 r
1003 2754 1085 2784 Vide
1109 2753 1191 2783 locos
1218 2762 1294 2792 quos
1320 2751 1446 2790 collegit
1472 2751 1642 2780 RANKIUS

179 2804 196 2826 ι)
214 2797 296 2827 Plut.
314 2798 369 2827 vit.
386 2799 450 2828 dec.
468 2805 545 2828 orat.
563 2808 594 2837 p.
613 2799 675 2835 839
694 2798 730 2827 Ε.
759 2798 851 2827 Phot.
922 2797 941 2825 l.
967 2796 986 2826 l.
1020 2807 1047 2834 p.
1074 2795 1125 2825 66.
1157 2802 1266 2825 annot.
1298 2795 1347 2832 78.
1376 2802 1425 2833 79,
1461 2803 1643 2832 quanquam

138 2838 220 2869 Bibl.
253 2840 328 2869 Cod.
356 2839 424 2878 263.
460 2851 488 2880 p.
519 2849 591 2879 490.
650 2841 767 2870 Zosini.
798 2840 852 2869 vit.
921 2845 1013 2869 caute
1035 2849 1071 2868 ac
1094 2839 1234 2867 modeste
1257 2837 1315 2866 hoc
1342 2842 1529 2874 argumento
1551 2841 1644 2865 uten-

137 2881 229 2911 Dem.
249 2891 277 2919 p.
296 2890 363 2920 147.
921 2882 1009 2910 dum.
1041 2881 1081 2910 cf.
1115 2880 1270 2918 Porphyr.
1301 2889 1352 2917 ap.
1387 2878 1500 2907 Euseb.
1536 2887 1642 2916 praep.

180 2931 196 2954 q
216 2923 327 2953 Liban.
345 2924 400 2953 vit.
418 2935 446 2962 p.
465 2933 482 2961 ,ζ
502 2924 540 2954 R.
577 2925 713 2964 Argum.
732 2931 809 2954 orat.
827 2934 852 2953 e.
922 2933 1036 2962 evang.
1057 2932 1105 2953 10.
1124 2931 1153 2961 3.
1171 2932 1200 2960 p.
1220 2920 1291 2957 466.

137 2966 268 2996 Onetor.
289 2975 315 2995 2.
334 2976 362 3005 p.
380 2966 452 3004 875.
