1935 3200
264 150 375 192 1338
644 147 965 190 ADVERSUS
1007 147 1392 188 EUBULIDEM.

261 253 490 308 syntaetice
521 252 577 291 ibi
614 251 851 291 concinunt.
912 251 1026 291 Vere
1060 251 1188 305 igitur
1220 250 1437 290 Reiskius:
1472 248 1622 290 “valet
1661 248 1770 290 idem

258 315 387 363 atque
409 310 601 359 δηλονότι,
624 308 806 348 36ῖίὶσσί.Ὃ
839 306 1084 347 SOHAEF.

320 367 438 418 1306,
462 379 500 417 3.
531 382 553 414 η
576 368 653 406 πῶς
674 364 853 416 δυνατὸν]
882 362 1064 403 Videtur
1085 363 1263 416 speciem
1295 362 1439 402 scholii
1469 366 1543 402 aut
1565 361 1770 402 variantis

260 421 449 461 lectionis
490 421 671 460 habere:
706 420 816 459 idem
852 419 961 459 enim
1001 424 1065 459 est
1105 434 1199 459 cum
1239 419 1377 458 ἔνεστι.
1412 418 1615 458 REISK.
1678 417 1772 457 Non

260 477 370 516 idem
401 481 479 525 est,
510 477 582 516 sed
615 476 706 530 plus
734 475 966 529 significat:
1003 475 1146 524 ἔνεστι,
1175 475 1263 514 licet
1294 479 1468 528 proptel
1500 477 1567 515 τὰς
1592 472 1772 524 περιστά-

261 549 368 575 σειςε
402 534 566 572 δυνατόν
603 534 698 579 ἐστι,
728 531 913 584 possibile
944 538 995 571 est
1027 536 1199 585 plopte1
1239 545 1356 570 suam
1397 529 1527 583 ipsius
1562 534 1770 568 naturam.

261 589 412 629 Potest
433 588 563 643 igitur
579 588 743 628 δυνατὸν
766 589 864 627 εἶναι
886 588 997 640 quod
1018 587 1095 627 tibi
1117 589 1184 626 οὐκ
1207 587 1373 626 ἔνεστιν.
1409 585 1661 626 SCHAEF.

323 646 442 698 1306,
463 658 502 696 4
534 645 584 694 μὴ
614 644 693 694 μετ’
727 644 911 693 ἀληθείας
940 642 1204 696 ὑπάρχοντας]
1239 643 1339 682 Nisi
1372 655 1509 682 revera
1540 642 1620 680 Sint
1646 639 1770 680 nostri

264 700 525 752 φράτορες-.
559 700 810 740 SCHAEF.

325 758 442 809 1306,
468 770 503 803 7.
535 758 712 808 ὑποψίαν
739 755 807 795 τιν’
832 756 955 808 ἔχειν]
995 755 1072 807 ἔχω
1100 756 1277 806 ὑποψίαν
1307 753 1332 793 i.
1356 768 1394 806 q.
1428 754 1703 802 ὑποπτεύομαι,
1729 752 1773 791 in

262 813 520 865 suspicionem
545 812 896 852 v0002.Parite1
923 811 1002 864 ἔχω
1032 813 1159 851 αἰτίαν
1186 815 1250 851 est
1281 810 1323 849 in
1353 810 1502 849 <vimen
1530 823 1652 848 vocoy.
1718 808 1773 847 V.

263 868 428 909 infrav.
457 870 521 910 26.
543 884 582 922 p.
608 882 727 922 1331
752 870 789 907 8.
844 868 960 908 Conf.
985 871 1070 907 not.
1094 868 1320 934 11(11).904
1343 867 1404 905 16
1440 864 1689 905 SCHAEF.

327 927 555 975 1306,10.
605 924 806 977 προσηκει]
861 923 1007 963 Malim
1057 940 1240 974 προσηκε.
1304 921 1420 962 Conf.
1464 936 1499 961 v.
1541 932 1577 973 7.
1626 926 1668 960 et
1711 932 1771 960 12.

267 980 519 1021 SCHAEF.

326 1037 536 1089 1306,18.
571 1035 702 1088 ξένον]
730 1036 797 1075 τὸν
828 1035 941 1085 ξένον
964 1035 1016 1074 Α.
1039 1034 1211 1073 1·.1111116.
1255 1034 1324 1073 τὸν
1345 1033 1459 1083 ξένον
1480 1033 1637 1073 dictum
1665 1032 1774 1072 foret

266 1107 317 1132 ex
340 1092 573 1132 Eubulidae
603 1106 781 1145 persona
804 1092 991 1144 adeoque
1018 1091 1186 1130 ironice.
1247 1089 1317 1129 Ita
1338 1104 1434 1129 vero
1456 1088 1571 1142 sequi
1593 1089 1774 1128 debebat

266 1149 328 1188 καὶ
359 1149 407 1188 οὐ
438 1150 614 1198 πολίτην.
676 1148 761 1187 Nec
787 1152 928 1188 tamen
957 1162 1060 1200 opus
1090 1145 1187 1186 addi
1214 1147 1319 1185 ὄντα.
1382 1145 1447 1184 Sic
1475 1150 1616 1185 autem
1643 1144 1773 1184 resol-

265 1205 397 1244 venda
418 1204 521 1244 haec
543 1203 753 1257 appositio
771 1220 778 1243 ε
813 1206 846 1243 εἰ
867 1203 975 1252 ξένος
998 1204 1058 1242 καὶ
1079 1203 1130 1252 μὴ
1152 1203 1310 1251 πολίτης
1332 1202 1391 1251 ἠν.
1425 1200 1672 1241 SCHAEF.

327 1262 446 1314 1306,
473 1272 536 1299 21.
569 1261 763 1313 ἀπώλετο]
800 1259 966 1299 Fraude
987 1258 1116 1312 ipsius
1138 1257 1363 1297 demarchi.
1419 1257 1472 1296 V.
1504 1272 1543 1310 p.
1567 1267 1688 1310 1317,
1708 1257 1772 1296 18.

273 1318 476 1370 1318,14.
513 1315 761 1356 SOHAEF.

330 1373 446 1426 1306,
482 1384 546 1425 25.
599 1373 719 1412 πασίν
761 1370 1112 1423 ἐστιν-θάιατος]
1160 1369 1276 1409 Idem
1316 1369 1469 1423 legitul
1513 1384 1553 1422 p.
1584 1370 1676 1422 258,
1711 1381 1775 1409 20.

269 1428 521 1469 SCHAEF.

328 1487 447 1538 1306,
474 1496 538 1535 27.
570 1484 656 1534 περὶ
677 1488 743 1524 τοῦ
764 1484 920 1536 γένους]
955 1483 1059 1522 Dele
1080 1482 1214 1522 otiosa
1241 1481 1323 1522 ista
1348 1481 1561 1522 voeabula..
1625 1480 1776 1534 Loqui-

267 1544 336 1579 tur
365 1540 640 1594 generaliter:
673 1541 759 1591 περὶ
781 1542 834 1579 ὧν
855 1541 903 1579 ἄν
923 1556 978 1581 τις
999 1543 1071 1586 ζῶν
1094 1540 1219 1578 αἰτίαν
1241 1541 1331 1589 σχῇ,
1359 1539 1506 1577 δίκαιον
1525 1537 1612 1579 τοὺς
1636 1542 1778 1579 παῖδας

266 1597 335 1646 τὴν
357 1597 563 1648 ἀειλογίαν
583 1597 781 1648 παρέχειν.
844 1595 1040 1636 Ciu-iosus
1067 1594 1215 1647 aliquis
1237 1594 1478 1642 adnotator,
1499 1593 1671 1632 nimium
1691 1607 1776 1632 me-

265 1666 357 1691 mor
377 1666 560 1699 caussae,
585 1667 691 1706 quae
714 1652 756 1691 in
778 1652 855 1691 hac
878 1651 1121 1704 quaestione
1138 1650 1464 1697 111611111116111
1490 1649 1775 1702 ingeminavit,

268 1722 373 1761 quae
395 1722 494 1748 sane
510 1709 760 1761 pertmbant
783 1707 908 1747 etiam
926 1706 1290 1746 constructionem
1319 1706 1444 1745 TAY
1450 1705 1577 1745 LOR.
1615 1705 1773 1745 Delevi.

324 1781 392 1813 την
415 1765 632 1815 ἀειλογίαν]
661 1765 710 1803 V.
733 1764 786 1803 ad
807 1778 847 1816 p.
870 1777 965 1817 341,
989 1764 1051 1802 16.
1088 1762 1198 1803 SCH
1204 1761 1338 1801 AEF.

330 1821 448 1873 1306,
469 1832 534 1873 29.
557 1824 679 1870 κρινεῖ
697 1820 924 1859 Bekkerus.
977 1818 1092 1858 Libri
1117 1820 1247 1869 κρίνει.
1300 1817 1407 1856 Mihi
1428 1830 1622 1869 praesens
1642 1815 1775 1880 magis

268 1876 484 1928 probatur.
549 1875 707 1916 Caussa
728 1876 848 1925 enim,
873 1889 997 1928 quam
1029 1888 1152 1914 orans
1180 1873 1344 1913 foedam
1365 1872 1479 1922 dicit,
1502 1887 1610 1912 nunc
1640 1872 1775 1926 ipsum

267 1931 706 1985 agitu1.SCHAEF.

329 1999 447 2057 1307,
477 2001 510 2027 1.
550 1991 674 2036 δῶμεν
709 1991 820 2027 τοῦτο
854 1986 1080 2039 λεληθέναι]
1116 1986 1182 2025 Ad
1219 1999 1385 2025 sensum
1425 1984 1534 2024 idem
1570 1989 1634 2024 est
1667 1984 1779 2037 quod

269 2045 361 2084 ἴσως
383 2043 430 2082 ἂν
451 2042 550 2082 τουτ’
575 2044 729 2083 ἔλαθεν.
752 2047 876 2089 τοῦτο,
899 2044 921 2092 ἡ
943 2046 1010 2082 τοῦ
1029 2042 1173 2093 πατρὸς
1193 2043 1313 2091 ξενία.
1348 2040 1597 2081 SCHAEF.

329 2110 447 2152 1307,
471 2113 510 2152 3
541 2098 618 2138 κατ’
653 2099 929 2139 ἐκεῖνον-τὸν
961 2097 1264 2148 τελευτησαντα]
1302 2096 1379 2136 κατ’
1414 2098 1574 2145 ἐκεῖνον,
1607 2111 1633 2135 α
1656 2101 1778 2149 parte

258 2155 407 2207 patr'us
442 2154 895 2194 hlJISI{.F01tasse
926 2154 1069 2193 malis:
1096 2154 1257 2206 parite)
1275 2158 1318 2191 ut
1338 2152 1416 2198 ille,
1441 2154 1480 2201 ἐξ
1508 2155 1596 2192 ἴσου
1629 2153 1774 2205 ἐκείνῳ.

272 2209 324 2247 V.
350 2209 693 2249 Hemsterhusius
714 2211 768 2249 1111
800 2209 1011 2249 scholiast.
1041 2209 1315 2261 Aristophan.
1339 2208 1450 2247 Plut.
1475 2222 1510 2247 v.
1537 2220 1631 2261 952.
1693 2207 1775 2246 Sed

267 2264 366 2303 mihi
401 2264 566 2316 quidem
604 2265 761 2304 Reiskii
795 2264 1088 2317 interpretatio
1116 2263 1247 2316 magis
1284 2263 1499 2315 probatur.
1554 2263 1607 2302 V.
1635 2277 1672 2302 v.
1705 2274 1770 2315 25.

270 2320 518 2360 SOHAEF.

329 2386 449 2428 1307,
474 2376 511 2414 6.
553 2375 676 2428 κάλει]
713 2379 816 2414 καλῶ
850 2375 903 2414 A.
955 2375 1007 2414 V.
1039 2389 1075 2414 v.
1115 2375 1179 2414 28.
1229 2373 1420 2413 REISK.
1486 2377 1589 2412 καλῶ
1626 2373 1779 2427 placet.

270 2431 439 2484 Alioqui
471 2435 626 2478 orator,
652 2435 699 2470 ut
724 2431 882 2483 opinor,
915 2431 1093 2483 scriptus
1122 2433 1239 2470 erat:
1275 2429 1545 2470 κάλει-τοὺς
1571 2429 1776 2481 μάρτυρας.

274 2486 525 2527 SGHAEF.

331 2553 450 2595 1307,
475 2557 512 2595 9.
547 2542 787 2593 ἔθαψε-εἰς
817 2544 864 2581 τὰ
894 2544 1050 2595 πατρῷα
1079 2541 1273 2595 μνήματα]
1311 2540 1437 2593 θάψαι
1466 2542 1518 2582 εἷς
1542 2543 1590 2580 τὰ
1620 2543 1779 2594 πατρῷα

268 2597 446 2647 μνήματα
486 2613 525 2651 p.
553 2610 671 2651 1320,
702 2610 768 2639 21.
820 2597 1105 2637 Philostratus
1151 2597 1252 2637 Her.
1294 2612 1333 2650 p.
1368 2598 1459 2648 164.
1501 2595 1599 2636 edit.
1645 2595 1776 2636 Boiss.

269 2654 538 2704 ἔθαψαν-εἰς
558 2654 628 2703 τὴν
649 2653 1020 2705 ὅμορον-ἤπειρον.
1073 2653 1181 2693 Cave
1201 2658 1343 2693 autem
1363 2657 1486 2706 putes
1507 2652 1585 2691 hac
1605 2651 1648 2691 in
1667 2651 1777 2691 locu-

270 2708 381 2748 tione
405 2711 458 2750 εἰς
480 2723 569 2749 esse
590 2709 614 2748 i.
639 2724 679 2762 q.
705 2711 759 2749 ἐν.
803 2709 920 2749 Conf.
943 2724 979 2748 V.
1002 2722 1064 2750 12.
1096 2708 1345 2748 SOHAEF.

332 2777 451 2817 1307,
480 2778 540 2804 10.
575 2765 735 2817 ὅσοιπερ
765 2767 841 2805 εἰσι
871 2768 937 2803 τοῦ
966 2764 1118 2815 γένους]
1156 2764 1189 2803 Ι.
1213 2780 1251 2817 q.
1284 2763 1445 2814 ὅσοιπέρ
1475 2764 1550 2802 εἰσι
1578 2763 1777 2813 γεννηταί.

273 2819 321 2859 V.
346 2820 506 2860 Anecd.
528 2820 662 2860 Bekk.
686 2837 724 2875 p.
748 2832 843 2873 227,
867 2835 904 2875 9.
938 2819 1185 2860 SOHAEF

333 2888 451 2929 1307,
472 2889 486 2915 1
502 2890 534 2915 1.
559 2877 878 2917 καίτοι-ἐάσαι·
869 2876 971 2939 ,]De
992 2876 1190 2930 religione
1212 2875 1493 2928 sepulcroium
1515 2873 1620 2913 conf.
1644 2873 1777 2926 Span-

271 2929 462 2971 hemiana
482 2932 536 2971 ad
560 2932 747 2984 Sophocl.
772 2933 890 2985 Ajac.
914 2932 955 2971 in
978 2931 1134 2972 Osanni
1155 2931 1289 2971 libello
1305 2946 1343 2984 p.
1356 2931 1444 2970 116.
1477 2928 1726 2970 SOHAEF.
