1925 3215
440 139 766 178 ADVERSUS
801 138 1197 178 STEPHANUM
1239 138 1267 176 l.
1505 139 1614 180 1227

98 244 207 298 quod
235 245 322 298 jam
353 245 407 285 ab
440 244 648 284 veteribus
685 250 748 285 est
782 245 1070 298 reprehensus,
1104 243 1258 298 partim
1289 242 1400 296 quod
1437 242 1611 282 aliorum

96 315 264 341 caussas
295 301 485 341 mercede
514 306 671 355 ageret,
702 301 856 355 partim
882 302 990 355 quod
1024 302 1189 340 eosdem
1221 299 1407 340 homines
1438 299 1612 338 invicem

95 357 308 411 litigantes
348 358 471 396 modo
511 363 739 405 accusaret,
773 357 896 396 modo
938 358 1202 397 defenderet:
1252 357 1310 396 ita
1352 360 1399 396 ut
1438 355 1611 409 perinde

95 414 251 453 faceret
286 428 333 453 ac
370 413 402 452 si
439 413 639 468 pugiones
675 429 725 453 ex
762 414 907 454 eadem
944 414 1107 454 officina
1141 413 1348 460 wfndcret,
1383 413 1531 465 quibus
1568 426 1612 451 sc

95 474 240 509 mutuo
277 470 548 510 confoderent
583 470 821 518 adversarii,
859 485 940 523 quo
979 470 1192 524 pertinent
1228 469 1353 509 verba
1393 468 1609 508 Plutarchi

95 525 136 565 in
153 527 346 579 Compar.
364 526 658 566 Demosthenis
675 532 716 566 et
732 526 939 567 Ciceronis
957 542 994 580 p.
1014 527 1092 579 887
1111 526 1145 565 ]·]
1164 543 1171 565 :
1205 524 1519 578 χρηματίσασθαι
1536 526 1611 564 τοί-

96 598 164 622 νυν
197 583 259 622 ἐπὶ
291 584 341 636 τῷ
374 584 480 636 λόγῳ
514 583 768 633 Δημοσθένης
801 585 874 632 μὲν
906 585 1106 635 ἐπιψόγως
1138 583 1310 633 λέγεται,
1345 585 1612 632 λογογραφῶν

96 640 222 690 κρύφα
243 643 323 680 τοῖς
344 640 430 690 περὶ
452 641 660 689 Φορμίωνα
683 640 743 679 καὶ
759 639 1065 690 Ἀπολλόδωρον
1087 640 1302 679 ἀντιδίκοις·
1332 644 1373 677 ct
1396 638 1436 676 in
1455 638 1507 677 Υ.
1528 638 1611 676 De-

94 695 411 748 1110sth.p.852
438 695 486 735 Ε.
511 697 571 735 1⁴.
564 711 571 718 ·
605 697 766 747 λέγεται
798 697 839 735 δὲ
872 697 931 735 καὶ
956 713 1024 735 τον
1053 698 1150 735 κατὰ
1175 694 1367 744 Τιμοθεου
1399 697 1465 733 τοῦ
1497 711 1611 744 στρα-

93 754 212 802 τηγοῦ
240 753 377 803 λόγον,
402 749 431 790 ὠ
460 751 706 804 χρησάμενος
722 751 799 791 'TA
787 754 1025 802 ολλόὸωρος
1051 754 1133 791 εἷλε
1162 768 1230 790 τον
1251 752 1372 801 ἄνδρα
1393 754 1459 789 τοῦ
1487 749 1610 801 ὀφλη-

93 824 224 857 ματος,
250 807 504 858 Δημοσθενης
534 809 688 860 γράψαι
714 811 763 862 τῷ
776 808 1082 879 Απρλλοδώρῳ,
1107 807 1278 857 καθάπερ
1309 807 1368 846 καὶ
1401 807 1487 848 τοὺς
1514 807 1608 857 πρὸς

94 865 302 915 Φορμίωνα
333 865 395 904 καὶ
417 864 638 915 Στέφανοι,
669 864 730 916 ἐφ’
754 866 811 906 οἷς
834 866 987 906 εἰκότως
1017 863 1198 914 ἠδόξησε·
1230 865 1292 903 καὶ
1322 865 1397 914 γὰρ
1425 864 1609 913 Φορμίων

92 920 298 971 ἠγωνίζετο
321 922 426 974 λόγῳ
450 921 728 971 Δημοσθένους
749 921 844 972 πρὸς
864 922 933 960 τὸν
948 920 1265 970 Ἀπολλόδωρον·
1301 921 1472 971 ἀτεχνῶς
1495 919 1610 959 καθά-

93 993 164 1027 περ
196 978 236 1026 ἐξ
269 977 354 1019 ἑνὸς
384 979 704 1029 μαχαιροπωλίου
737 979 785 1017 τὰ
819 976 897 1017 κατ’
921 977 1109 1026 ἀλλήλων
1141 977 1351 1028 ἐγχειρίδια
1387 978 1611 1017 πωλοῦντος

94 1033 208 1072 αὐτοῦ
239 1036 318 1075 τοῖς
348 1034 565 1076 ἀντιδίκοις.
628 1033 793 1074 Habuit
823 1038 965 1074 autem
995 1033 1247 1074 Plutarchus
1277 1031 1392 1079 alios,
1417 1046 1520 1085 quos
1551 1046 1612 1071 se-

95 1092 302 1142 queretur,
330 1089 475 1142 judicii
512 1089 573 1129 sui
609 1095 814 1137 auctores,
849 1090 891 1128 in
927 1089 990 1129 his
1029 1089 1299 1136 Dinarchum,
1330 1088 1399 1141 qui
1435 1088 1609 1128 eandem

93 1145 404 1186 accusationem
439 1146 596 1186 dudum
631 1151 757 1187 antea
792 1146 1039 1201 protulerat,
1073 1146 1115 1185 in
1146 1150 1253 1186 orat.
1280 1150 1428 1185 contra
1459 1144 1610 1184 Demo-

94 1201 284 1241 sthenem
305 1217 344 1256 p.
368 1215 458 1253 104,
480 1216 527 1255 19
542 1211 571 1243 ⁰.

150 1258 446 1299 Accusationis
478 1259 655 1300 formula
688 1264 752 1300 est
783 1262 878 1300 κατὰ
907 1260 1127 1311 Στεφάνου,
1152 1273 1233 1298 non
1265 1258 1360 1310 πρὸς
1388 1258 1608 1309 Στέφανον,

95 1329 200 1368 quae
221 1315 327 1355 duae
348 1315 577 1356 locutiones
596 1316 772 1356 multum
795 1316 1002 1356 differunt.
1052 1315 1175 1355 Prior
1195 1315 1304 1355 enim
1326 1315 1460 1354 locum
1482 1315 1611 1354 habet

94 1370 135 1410 in
156 1371 433 1419 accusatione,
457 1387 539 1426 qua
569 1372 730 1426 petitur
761 1378 934 1426 propter
963 1374 1126 1422 ἀδίκημα
1156 1372 1247 1426 ipsa
1276 1386 1469 1425 persona,
1491 1376 1538 1410 ut
1567 1370 1610 1410 in

94 1427 157 1467 his
189 1427 448 1468 orationibus
481 1429 733 1482 Stephanus,
764 1443 886 1483 quem
922 1429 989 1468 hic
1026 1428 1312 1468 adversarium
1348 1428 1426 1467 sibi
1460 1426 1610 1467 habuit

95 1484 400 1538 Apollodorus:
442 1485 651 1538 posterior
685 1486 781 1537 πρὸς
815 1486 901 1525 τινά
936 1484 1229 1525 tantummodo
1265 1489 1528 1538 praesentem
1568 1483 1612 1522 in

90 1540 244 1594 judicio
266 1541 470 1595 designat,
495 1556 577 1581 non
604 1541 705 1582 item
732 1557 849 1581 reum
870 1542 1039 1589 factum,
1064 1541 1230 1594 quando
1252 1541 1303 1580 de
1331 1541 1425 1594 jure
1446 1545 1612 1581 contro-

95 1610 211 1636 verso
233 1597 319 1637 sine
340 1612 543 1651 personae
564 1598 743 1638 laesione
771 1598 881 1639 inter
908 1603 1050 1652 partes
1079 1597 1293 1651 litigantes
1314 1597 1466 1650 agitur.
1531 1596 1608 1650 (V.

98 1652 241 1693 Wolfii
267 1654 431 1708 Proleg.
455 1654 496 1693 in
522 1655 645 1708 Lept.
670 1670 710 1708 p.
732 1660 844 1708 152.)
909 1654 1069 1694 Eodem
1099 1654 1223 1693 modo
1254 1654 1367 1706 apud
1398 1653 1610 1693 Romanos

96 1709 314 1763 diligenter
345 1710 664 1765 distinguuntur
698 1711 900 1751 formulae
935 1711 980 1750 in
1015 1711 1189 1764 aliquem
1224 1724 1360 1764 agere,
1391 1709 1415 1749 i.
1446 1724 1480 1749 e.
1514 1711 1610 1749 κατὰ

95 1766 212 1814 τινὸς,
233 1771 276 1806 et
296 1766 484 1807 adversus
504 1763 691 1821 aliquem,
713 1767 737 1807 i.
760 1782 794 1807 e.
817 1768 911 1819 πρὸς
931 1767 1029 1807 τινά.

152 1821 342 1876 Denique
376 1822 418 1862 in
454 1822 725 1877 inscriptione
765 1824 1002 1864 orationum
1042 1823 1212 1863 additur
1244 1825 1607 1875 ψευδομαρτυριῶν;

98 1892 178 1931 qua
198 1893 296 1919 voce
323 1879 533 1919 indicatur
553 1879 831 1920 accusationis
852 1880 998 1928 forma,
1022 1894 1127 1933 quae
1149 1884 1241 1918 erat
1258 1878 1368 1931 fizlsz'
1389 1877 1610 1926 testimonii,

97 1934 211 1988 cujus
228 1935 466 1989 Stephanus
488 1950 582 1976 reus
603 1937 819 1989 agebatur,
839 1935 926 1976 dati
949 1935 990 1974 in
1009 1950 1156 1975 caussa
1174 1933 1440 1974 Phormionis
1463 1939 1612 1974 eontra

98 1991 420 2044 Apollodorum·
455 1992 565 2045 quod
588 1993 709 2046 quale
736 1991 873 2033 fuerit
896 2006 949 2032 ex
981 1991 1071 2046 ipsa
1100 1991 1276 2031 actionis
1298 2005 1445 2030 caussa
1466 1994 1509 2029 et
1530 1990 1612 2030 his-

98 2047 206 2087 toria
226 2048 461 2101 apparebit,
486 2063 611 2101 quam
633 2063 741 2088 nunc
764 2035 970 2102 explicare
991 2047 1270 2102 iggredimur.

155 2103 214 2142 Er
215 2109 261 2144 at
282 2104 463 2144 Athenis
487 2105 626 2153 Pasz‘o,
650 2104 919 2145 Archestrati
941 2104 1171 2158 trapezitae
1193 2103 1371 2157 primum
1394 2117 1536 2142 servus
1556 2102 1612 2142 ad

98 2173 281 2200 mensam
314 2160 558 2201 ministrans
572 2161 601 2209 (¹,
635 2161 782 2201 deinde
817 2175 839 2201 e
876 2175 994 2200 servo
1029 2160 1306 2200 manumissus
1319 2168 1347 2208 e,
1385 2164 1427 2199 et
1462 2163 1612 2213 postea

99 2214 184 2269 ipse
212 2216 417 2271 trapezita
447 2216 675 2258 ditissimus
689 2217 711 2266 f,
738 2217 891 2271 quippe
922 2216 992 2271 qui
1023 2221 1192 2270 praeter
1222 2229 1395 2256 mensam
1426 2222 1611 2270 αι’-σοικα-

141 2327 156 2344 0
177 2323 288 2362 [Apud
306 2323 505 2354 Dinarchum
522 2323 602 2353 nihil
618 2334 653 2354 ea
669 2324 708 2353 de
724 2334 758 2353 re
775 2323 819 2353 le-

99 2364 184 2403 gitur
206 2373 328 2404 praeter
348 2367 424 2396 haec
447 2377 544 2404 pauca
560 2367 655 2397 xerha
672 2365 782 2405 εὑρήσε
770 2378 821 2395 τε

100 2407 211 2437 τοῦτον
231 2407 288 2445 μὲν
311 2408 588 2448 (Demosthenem)
612 2408 765 2448 λαμπρὸν,
791 2409 820 2446 ἐξ

101 2447 135 2478 οὑ
155 2449 389 2488 προσελήλυθεν
405 2450 447 2481 εἷς
462 2451 498 2481 τὸ
519 2451 749 2487 πολιτεύεσθαι,
766 2462 820 2488 γε-

100 2493 279 2530 γενηιιένον,
300 2493 350 2523 καὶ
374 2493 441 2523 ἀντι
464 2492 522 2531 μὲν
544 2493 746 2532 λογογράφου
771 2493 820 2523 καὶ

100 2535 208 2570 μισθοῦ
230 2534 286 2565 τὰς
309 2534 390 2566 δίκας
415 2534 567 2574 λεγοντος
587 2535 661 2575 ὑπὲρ
679 2535 818 2572 Κτησίπ-

101 2587 157 2605 που
173 2577 220 2616 (ἰη
240 2578 381 2608 oratione
404 2578 570 2618 Leptinea)
585 2579 634 2608 καὶ
650 2578 821 2617 Φορμίωνος

103 2617 150 2647 καὶ
180 2618 291 2657 ἑτέρων
319 2622 447 2650 πολλῶν
475 2621 714 2651 πλουσιώτατον
745 2620 821 2651 ὄντα

101 2662 162 2689 τῶν
179 2661 212 2690 ἐν
225 2663 267 2701 τῇ
281 2661 370 2692 πόλει
386 2671 443 2693 etc.
477 2663 623 2700 Quocum
637 2674 820 2702 comparan-

102 2702 160 2732 dus
175 2704 346 2735 Aeschines
361 2706 399 2735 de
415 2706 435 2734 f.
453 2705 511 2744 leg.
528 2716 558 2745 p.
577 2714 627 2744 50,
647 2714 696 2743 23
713 2707 769 2735 τὸν
786 2706 821 2735 ἐκ

103 2743 223 2782 φύσεως
245 2745 397 2785 προδότην
419 2750 481 2777 πῶς
504 2760 567 2786 χρη
596 2750 627 2777 θε
615 2749 737 2786 εωρεΐνς
764 2746 821 2786 ἆρά

103 2796 140 2823 γε
161 2787 219 2825 οὐχ
243 2789 281 2819 ὡς
305 2788 343 2818 σὺ
361 2791 426 2820 τοῖς
450 2789 678 2828 ἐντυγχάνουσι
701 2790 750 2820 καὶ
773 2802 822 2819 πι-

104 2828 254 2860 στεύσασι
271 2829 434 2870 κέχρησαι,
451 2831 564 2869 λόγους
581 2831 623 2862 εἷς
639 2831 822 2871 δικαστήρια

104 2871 263 2909 γράφοντα
288 2875 408 2910 μισθου,
433 2873 562 2904 τούτους
589 2873 730 2914 εκφέρειν
757 2875 822 2904 τοῖς

105 2911 287 2950 ἆντιδίκοις;
318 2915 453 2955 ἔγραψας
480 2916 578 2955 λόγον
603 2916 752 2956 Φορμίωνι
778 2918 823 2954 τῷ

886 2320 1065 2362 τραπεζίτῃ,
1093 2321 1240 2360 χρήματα
1263 2320 1380 2354 λαβών·
1406 2322 1520 2350 τοῦτον
1544 2319 1611 2358 ἐξή-

888 2377 1000 2403 νεγκας
1012 2364 1238 2403 Ἀπολλοδώρῳ
1255 2365 1298 2401 τῷ
1314 2363 1381 2402 περὶ
1397 2364 1453 2392 τοῦ
1470 2362 1614 2400 σώματος

888 2407 1022 2447 κρίνοντι
1053 2406 1219 2446 Φορμίωνα.
1271 2406 1364 2436 Vana
1394 2412 1501 2435 autem
1535 2406 1611 2435 Plu-

888 2450 989 2480 tarchi
1019 2450 1199 2480 criminatio
1232 2456 1288 2486 est,
1319 2459 1383 2478 non
1421 2449 1613 2478 attendentis

889 2494 971 2532 quod
999 2500 1081 2522 recte
1103 2499 1213 2522 contra
1235 2501 1307 2521 eum
1330 2491 1455 2521 monuit
1473 2491 1612 2520 Clinton.

889 2536 973 2566 Fast.
998 2535 1081 2565 Hell.
1099 2534 1159 2565 vol.
1180 2544 1207 2563 2.
1225 2545 1254 2573 p.
1275 2533 1347 2572 358.
1381 2535 1399 2550 “
1415 2533 1518 2563 These
1544 2543 1612 2563 ora-

886 2578 979 2614 tions,
997 2578 1154 2615 however,
1171 2586 1252 2607 were
1271 2583 1326 2605 not
1346 2576 1487 2614 supplied
1508 2582 1540 2605 to
1559 2575 1614 2605 the

886 2622 1015 2650 adverse
1049 2620 1163 2658 parties
1193 2619 1227 2648 in
1257 2628 1317 2648 one
1349 2620 1412 2647 and
1443 2618 1498 2647 the
1528 2627 1613 2647 same

887 2673 987 2700 cause,
999 2673 1032 2691 as
1049 2662 1103 2692 the
1114 2671 1245 2692 censure
1257 2661 1292 2689 of
1307 2659 1497 2689 Plutarchus
1508 2659 1613 2688 would

887 2715 969 2735 seem
987 2712 1018 2734 to
1034 2704 1144 2743 imply,
1161 2704 1217 2733 but
1236 2703 1268 2731 in
1288 2702 1416 2731 distinct
1440 2703 1501 2730 and
1522 2711 1612 2740 sepa-

888 2754 954 2777 rate
970 2747 1122 2776 actions.''
1149 2746 1188 2774 G.
1214 2744 1454 2781 DINDORF]

931 2788 949 2811 (l
974 2789 1065 2818 Dem.
1081 2788 1170 2818 Orat.
1191 2787 1254 2816 Pro
1271 2786 1366 2815 Phor.
1385 2796 1414 2823 p.
1429 2793 1611 2826 955—959.

932 2836 947 2854 θ
971 2830 1134 2860 Demosth.
1153 2829 1268 2859 ibidem
1282 2838 1310 2866 p.
1325 2828 1397 2867 958.
1413 2838 1443 2856 v,
1460 2836 1498 2856 20
1511 2838 1576 2866 sqq.

932 2874 945 2898 f
968 2872 1146 2902 Facultates
1173 2871 1314 2901 Pasionis
1338 2876 1498 2899 terrestres
1521 2876 1613 2900 eraut

892 2916 1001 2955 ciffinti
1018 2915 1146 2952 tulcnla,
1163 2919 1194 2943 et
1214 2919 1375 2952 praeterea
1398 2912 1519 2951 argenti
1543 2922 1613 2942 mu-
