1935 3200
258 111 370 154 1066
649 112 975 152 ADVERSUS
1008 111 1313 153 APHOBUM
1348 112 1379 152 I.

256 217 511 258 habitandae
539 216 715 257 fuissent
744 216 927 256 relictae.
970 216 1071 270 αὐτῷ
1100 217 1141 255 δὲ
1167 217 1284 269 τούτῳ
1314 215 1511 269 (Ἀφόβῳ)
1537 216 1607 265 τὴν
1625 217 1771 267 μητέρα

255 291 325 324 την
350 273 538 325 ἡμετέραν
565 273 626 313 καὶ
656 276 795 323 προῖκα
826 271 1064 324 ὀγδοήκοντα
1093 275 1191 322 μνᾶς
1223 273 1283 311 καὶ
1314 275 1359 322 τῆ
1390 274 1489 325 οἰκίᾳ
1520 273 1582 312 καὶ
1613 273 1771 312 σκεύεσι

253 333 424 382 χρῆσθαι
452 333 530 371 τοῖς
561 331 676 378 ἐμοῖς,
705 343 745 381 p
772 329 866 379 814,
887 338 951 381 2.5
977 329 1086 370 οὗτος
1116 345 1190 380 γαρ
1210 329 1236 380 (’
1235 327 1432 379 Ἀφοβος)
1457 328 1566 370 εὐθὺς
1585 330 1681 377 μετὰ
1702 328 1771 367 τὸν

255 389 323 425 τοῦ
354 385 497 437 πατρὸς
525 385 693 424 θάνατον
718 382 807 438 ᾠκει
835 401 904 433 την
929 385 1055 424 οἰκίαν
1081 386 1271 424 εἰσελθὼν
1298 386 1393 424 κατὰ
1421 401 1490 433 την
1516 386 1664 424 ἐκείνου
1692 388 1770 424 δια-

256 441 388 491 θήκην,
426 456 465 494 p.
493 442 587 492 817,
613 453 676 479 20.
701 440 749 490 ἠν
771 441 813 479 δὲ
838 441 960 488 ταυθ’,
990 441 1013 479 ἃ
1042 440 1267 491 γεγράφθαι
1297 441 1420 491 φησὶν
1449 457 1492 479 εν
1518 457 1563 494 τη
1595 440 1767 490 διαθηκῃ,

254 499 321 537 δύο
341 498 413 547 μὲν
434 496 608 536 τάλαντα
630 500 879 547 Δημοφῶντα
906 500 1052 546 λαβεῖν
1074 496 1195 543 εὐθὺς,
1219 496 1287 545 τὴν
1309 495 1339 535 δ’
1358 496 1548 547 ἀδελφὴν,
1571 497 1666 536 ὅταν
1687 497 1771 546 ἡλι-

254 554 341 592 κίαν
367 553 646 604 ἔχη-τοῦτον
669 551 698 591 δ’
717 550 934 604 (Ἄφοβον)
959 551 1199 603 ὀγδοήκοντα
1224 555 1320 601 μνᾶς
1347 552 1408 591 καὶ
1435 552 1504 601 τὴν
1527 551 1674 602 μητέρα
1701 552 1771 602 τὴν

255 609 351 658 ἐμὴν
371 609 432 647 καὶ
453 608 523 658 τὴν
544 609 670 648 οἰκίαν
691 610 823 648 οἰκεῖν·
860 610 1106 659 Θηριππίδην
1127 607 1156 648 δ’
1177 607 1445 658 ἑβδομήκοντα
1474 611 1570 657 μνᾶς
1590 609 1771 657 λαβόντα

254 665 551 715 καρπώσασθαι,
585 664 656 705 ἕως
690 665 765 716 ἐγὼ
800 665 896 715 ἀνὴρ
928 665 1126 715 γενοίμην.
1177 666 1223 704 τὰ
1254 664 1284 703 δ’
1308 665 1427 710 ἄλλα,
1458 663 1517 703 ὅσ’
1542 664 1626 713 ἐμοὶ
1654 665 1770 716 χωρὶς

254 721 399 760 τούτων
417 721 666 771 κατελειφθη,
687 721 748 760 καὶ
767 721 811 759 τὸ
833 724 997 769 μισθοῦν
1018 721 1087 759 τὸν
1104 720 1211 760 οἶκον
1216 719 1412 791 ἠφάνιζεν
1435 721 1476 759 ἐκ
1493 723 1557 770 τῆς
1578 720 1768 769 διαθήκης,

255 776 297 816 in
320 776 489 830 Aphob.
513 789 552 830 3
577 791 616 830 p.
644 777 738 830 857.
803 776 891 815 Ubi
924 777 1156 816 notandum
1187 778 1313 816 οἰκίαν
1339 780 1382 816 et
1413 776 1519 815 οἶκον
1550 775 1763 838 distingui.

253 832 358 874 οἶκος
390 832 519 886 igitul
549 833 626 872 hac
654 832 843 872 clatione
877 837 941 872 est
965 834 1231 886 possessione&
1255 839 1462 886 Ῑῃορθνΐῃ.
1528 832 1585 872 Et
1616 831 1658 871 in
1691 832 1768 872 hoc

252 902 375 928 sensu
397 893 461 929 est
481 889 595 942 apud
613 889 673 943 Ly
676 888 779 928 siam
801 889 841 927 in
860 889 1083 936 Aust-wit
1103 904 1142 942 p.
1161 891 1282 941 906.
1290 888 1524 928 substantia
1545 888 1756 937 unic-ema:

251 949 300 984 ut
322 945 517 984 Reiskius
548 945 864 998 interpretatur.
905 945 1154 985 SEAQOER.
1182 944 1297 984 Diar.
1324 944 1493 985 Classic.
1515 946 1584 998 58.
1606 959 1646 998 p.
1667 946 1723 998 36
1725 954 1765 998 5.

253 1000 398 1041 Recte.
464 1001 529 1041 Sic
561 1006 641 1042 τοῖς
671 1005 766 1041 πᾶσι
796 1001 993 1053 χρήμασιν
1020 1005 1063 1041 et
1095 1002 1182 1042 τοὺς
1215 1003 1340 1043 οἴκους
1372 1016 1410 1054 p.
1442 1002 1535 1046 862,
1560 1002 1620 1040 18.
1669 1005 1769 1041 sunt

252 1057 418 1108 φράσεις
441 1059 758 1107 ἰσοδυναμοῦσαι.
810 1057 1118 1097 WBoeckhius
1140 1058 1190 1097 de
1213 1058 1365 1097 Oecon.
1390 1058 1546 1097 Athen.
1566 1057 1644 1096 vol.
1668 1071 1703 1096 1.
1727 1072 1767 1120 p.

257 1125 348 1154 122.
377 1124 470 1166 157,
495 1124 590 1166 379.
656 1113 798 1166 Ipsum
829 1115 937 1167 quod
974 1114 1593 1167 80(μιὶῖ111·,ἀλλὰ-ἀξιοῦντος,
1626 1112 1769 1168 arguit

253 1183 336 1209 non
357 1169 483 1210 aedes
502 1169 793 1223 intelligerwdrs
815 1184 916 1209 esse.
961 1172 1025 1209 SC
1033 1172 1166 1209 HAE
1173 1171 1220 1210 F.

317 1226 411 1275 818,
440 1238 505 1279 29.
541 1225 598 1265 ἐπ’
623 1225 721 1265 ἐννέ’
746 1228 906 1276 ὀβολοῖς
934 1227 1154 1278 (drachma
1180 1240 1194 1265 1
1202 1227 1378 1277 Δ1,)-ἐπὶ
1410 1225 1575 1278 δραχμῇ]
1624 1225 1673 1264 Id
1705 1229 1770 1265 est

256 1281 479 1332 183—123
505 1296 581 1335 pro
611 1296 733 1321 anno.
782 1282 836 1321 V.
860 1283 975 1336 adp.
1000 1283 1096 1332 816,
1120 1294 1178 1322 12.
1239 1283 1299 1321 ἐπὶ
1331 1285 1480 1337 δραχμῇ
1513 1281 1661 1321 τιθέναι
1691 1281 1768 1322 ite-

251 1351 344 1376 rum
365 1352 404 1391 p.
431 1338 525 1385 820,
551 1351 616 1379 21.

311 1394 405 1446 819,
429 1407 467 1448 3.
490 1394 656 1448 δώδεκα]
690 1394 781 1434 δέκα
806 1394 874 1434 alii
904 1394 998 1434 libri
1021 1395 1180 1442 vitiose,
1204 1395 1245 1433 id
1268 1394 1378 1448 quod
1400 1408 1451 1434 ex
1473 1397 1668 1447 computo
1696 1408 1768 1447 ap-

249 1455 384 1503 paret.
446 1450 672 1504 Octoginta
693 1450 828 1491 minae
851 1451 954 1491 dant
975 1451 1016 1490 in
1043 1466 1238 1496 mensem,
1262 1451 1295 1490 si
1317 1465 1444 1490 usura
1467 1456 1531 1490 est
1552 1450 1768 1490 drachma-

248 1505 312 1554 lis,
346 1507 399 1546 80
424 1507 673 1546 drachmas:
711 1508 1017 1547 Demosthenes
1051 1509 1159 1547 enim
1193 1507 1473 1547 drachmalem
1508 1507 1767 1546 solummodo

249 1562 381 1616 ponit.
444 1563 539 1602 Hae
560 1562 777 1617 octoginta
799 1564 1019 1603 drachmae
1042 1564 1262 1604 duodecies
1294 1564 1472 1603 iteratae
1498 1563 1603 1603 dant
1630 1563 1671 1602 in
1696 1577 1767 1603 an-

249 1632 349 1658 num
372 1620 454 1668 960
471 1619 704 1659 drachmas.
768 1620 865 1659 Hae
887 1622 969 1671 960
992 1620 1214 1660 drachmae
1236 1634 1379 1659 rursus
1401 1619 1622 1659 duodecies
1642 1619 1768 1659 itera-

249 1678 320 1715 tae
350 1674 533 1715 efficiunt
564 1690 732 1715 usuram
759 1676 1079 1723 duodecennem,
1107 1689 1240 1729 11520
1266 1676 1571 1722 drachmarum,
1595 1675 1673 1714 hoc
1700 1680 1767 1715 est

249 1744 377 1770 unum
402 1731 620 1779 talentum,
642 1742 696 1785 55
718 1731 852 1771 minas
876 1746 969 1771 cum
993 1745 1045 1771 20
1067 1732 1289 1772 drachmis.
1353 1732 1468 1782 Quae
1497 1731 1627 1771 addes
1658 1746 1766 1770 sum-

248 1800 341 1826 mae
376 1787 590 1840 superiori,
623 1788 693 1827 uni
729 1788 889 1828 talento
925 1803 1017 1827 cum
1052 1801 1103 1828 20
1133 1789 1267 1828 minis.
1333 1787 1520 1827 Habebis
1547 1800 1570 1840 3
1604 1787 1767 1827 talenta

249 1857 344 1882 cum
373 1853 418 1897 15
440 1843 562 1883 minis
583 1848 625 1883 et
649 1856 701 1883 20
723 1844 943 1884 drachmis.
1008 1845 1090 1884 Sed
1111 1845 1303 1884 decennis
1329 1859 1455 1883 usura
1483 1857 1564 1882 11011
1593 1844 1766 1883 confice-

248 1903 314 1939 ret
344 1899 422 1938 nisi
454 1911 474 1939 2
502 1899 675 1948 talenta,
703 1914 758 1950 40
784 1900 929 1945 minas,
957 1913 1010 1953 35
1034 1901 1266 1940 draehmaS.
1331 1901 1535 1940 Attamen
1559 1899 1766 1953 Aphobus

247 1969 330 1994 non
351 1955 442 2009 plus
460 1970 584 2009 quam
605 1956 805 1995 decennio
827 1957 1003 1996 tutelam
1023 1957 1164 2011 gessit,
1189 1962 1231 1997 et
1253 1972 1292 2010 p.
1319 1957 1413 2004 820,
1433 1958 1470 1995 6.
1493 1956 1575 1995 <luo
1597 1960 1761 1996 tantum

247 2015 290 2051 et
312 2027 346 2051 v.
372 2023 436 2052 20.
469 2016 565 2051 octo
598 2027 730 2052 annos
766 2018 970 2061 numerat,
1001 2013 1069 2066 qui
1101 2013 1324 2053 conficiunt
1358 2013 1513 2052 decem.
1576 2012 1763 2061 Biennio,

247 2072 470 2120 postquam
502 2068 685 2108 defuncti
717 2072 880 2108 tutores
911 2070 1045 2109 tutela
1079 2076 1229 2117 essent,
1257 2069 1362 2109 dixit
1389 2069 1438 2108 iis
1467 2073 1611 2108 orator
1638 2068 1761 2108 diem.

249 2122 331 2162 Sed
353 2123 459 2162 illius
483 2138 647 2177 quoque
673 2124 828 2163 biennii
857 2140 1004 2165 usuras
1033 2125 1069 2165 ei
1093 2126 1315 2171 debebawnt
1339 2125 1450 2178 quod
1478 2124 1579 2163 nihil
1606 2124 1641 2164 ei
1670 2125 1763 2164 led-

248 2179 452 2219 didissent
475 2194 619 2219 eorum
645 2180 839 2228 omnium,
864 2196 970 2234 quae
998 2181 1181 2235 ipsorum
1209 2181 1305 2221 fidei
1334 2180 1553 2221 commissa
1578 2181 1759 2221 fuelant.

248 2234 443 2274 REISK.
504 2235 635 2276 Recte
670 2237 761 2275 δέκα
798 2238 1041 2277 iestitutum
1078 2253 1128 2278 ex
1163 2238 1280 2277 codd.
1345 2236 1539 2276 Reiskius
1574 2236 1684 2276 enim
1720 2237 1763 2276 in

247 2291 558 2344 computatione
583 2292 777 2332 decennis
805 2308 954 2334 usurae
987 2294 1127 2347 lapsus
1156 2298 1232 2334 est.
1295 2293 1460 2333 Scilicet
1491 2293 1548 2332 sic
1576 2293 1763 2333 confiunt

249 2358 272 2387 2
294 2348 455 2387 talenta
471 2362 563 2387 cum
585 2350 640 2411 56
661 2347 793 2397 minis,
811 2364 915 2402 quae
937 2354 1049 2390 reete
1066 2350 1261 2390 dicuntur
1280 2349 1452 2400 μάλιστα
1472 2350 1558 2397 τρία
1573 2349 1760 2398 τάλαντα,

246 2402 271 2441 i.
295 2417 329 2442 e.
353 2418 453 2457 qaae
470 2405 651 2457 plemma
670 2419 861 2444 summam
887 2419 904 2434 ³
930 2406 1162 2446 salmonum
1192 2406 1392 2445 accedant.
1426 2404 1758 2445 SCHAEFER.

248 2457 340 2512 Ego
362 2474 525 2513 quoque
557 2460 649 2500 δέκα
676 2461 854 2501 iestitui.
899 2462 1235 2502 Conf.Voe1nelii
1259 2462 1362 2501 Tab.
1378 2461 1431 2500 V.
1456 2465 1499 2501 et
1521 2461 1756 2500 Boehneck.

248 2514 419 2565 Quaest.
439 2515 517 2555 vol.
542 2530 574 2554 1.
595 2531 635 2569 p.
661 2518 726 2567 76.

305 2571 399 2625 819,
423 2573 461 2611 6.
492 2575 558 2610 τοῦ
589 2573 862 2626 ἐργαστηρίου]
902 2574 1138 2614 Fabiorum
1170 2578 1274 2627 puta
1308 2572 1468 2627 gladios
1504 2571 1759 2612 cudentium.

247 2625 300 2665 V.
323 2642 362 2680 p
387 2628 480 2675 816,
505 2629 543 2666 6.
588 2628 836 2668 SCHAEF

304 2685 397 2735 819,
423 2693 460 2735 7.
487 2684 806 2736 ἀναισχυντότατ’
826 2702 873 2724 αι
877 2685 1059 2740 θρώπων]
1094 2684 1253 2735 ὠμότατ’
1274 2685 1486 2735 ἀνθρώπων
1505 2699 1545 2737 p.
1572 2685 1666 2732 821,
1692 2697 1756 2725 22.

247 2737 301 2777 V.
323 2739 378 2778 ad
398 2754 437 2792 p.
460 2739 554 2791 980,
580 2741 645 2778 26.
690 2740 940 2781 SCHAEF.

303 2794 397 2846 819,
421 2808 459 2847 9.
489 2793 551 2834 ἀπ’
575 2794 718 2849 αὐτῶν]
753 2795 986 2849 Exspectes
1017 2797 1080 2837 ἀπ’
1104 2797 1232 2842 αὐτοῦ,
1262 2810 1359 2835 nam
1391 2796 1442 2835 de
1474 2810 1557 2835 una
1588 2799 1756 2835 tantum

246 2848 410 2890 officina
440 2850 636 2904 loquitur.
700 2852 781 2891 Sed
811 2853 1142 2893 acconnnodaxit
1173 2856 1316 2892 orator
1341 2851 1573 2892 orationem
1598 2851 1693 2901 πρὸς
1713 2851 1756 2890 τὸ

247 2906 469 2955 νοούμενον,
504 2907 575 2955 rei,
609 2921 734 2961 quam
770 2913 909 2948 mente
945 2909 1159 2963 agitabat:
1204 2908 1359 2948 scilicet
1396 2912 1470 2947 τῶν
1504 2907 1756 2957 ἀνδραπόδων
