1935 3200
253 126 366 168 1170
619 128 941 170 ADVERSUS
974 130 1267 171 BOEOTUM
1307 132 1409 184 (ΙΙ.)

251 243 386 269 verum
415 245 519 271 mmo
548 233 707 273 tandem
729 235 801 287 jus
831 248 997 288 aequum
1028 236 1126 275 mihi
1161 236 1313 275 dudum
1343 235 1513 276 debitam
1546 251 1767 291 consequar,

243 292 504 340 posteaquam
539 288 597 328 acl
626 304 690 329 vos
724 291 899 344 consu-qi.
942 290 1134 331 REISK.
1198 292 1306 332 Cave
1343 292 1598 332 assentiaris.
1661 293 1770 334 Tota

252 342 355 381 haec
376 343 569 396 periodus
591 349 655 384 est
677 346 861 398 querula7
885 348 1002 399 cujus
1025 347 1105 386 vim
1126 347 1337 401 frangeret
1357 348 1502 389 addita
1524 363 1617 402 spes
1639 363 1771 402 eaque

253 403 369 438 certa
390 399 515 439 sortis
536 400 731 441 melioris.
764 402 1015 442 SOHAEF.

316 467 436 508 1009,
472 466 509 508 7.
544 457 656 508 ὑμᾶς]
700 459 796 507 ὑμᾶς
829 459 999 508 βοηθοὺς
1036 458 1074 498 S.
1138 459 1280 499 Possit
1313 459 1519 500 blandiri:
1563 461 1634 500 sed
1670 460 1770 500 mihi

253 509 417 549 videtur
452 510 771 565 interpretantis
807 528 908 554 esse.
960 517 1013 557 εἷς
1052 516 1147 566 ὑμᾶς
1183 516 1462 568 καταπέφευγα
1496 531 1535 569 p.
1576 530 1694 567 1014,
1732 530 1765 556 1.

257 565 509 607 SOHAEF.

314 635 434 677 1009,
462 628 524 663 18.
555 624 622 664 οὐκ
652 626 1209 678 αἰσχύνονται-διεπράξατο]
1236 626 1352 668 Oitat
1375 627 1546 668 TZetzcs
1569 629 1701 682 Exeg.
1727 628 1768 668 111

257 677 375 718 Iliad.
401 694 440 732 p.
463 680 531 733 85,
555 693 619 720 21.
655 681 907 722 SCHAEF.

309 736 396 785 μὲν]
424 735 576 776 Omisit
599 737 782 777 Tzetzes.
819 738 1067 778 SOHAEF.

310 792 420 841 ὑμᾶς]
446 792 543 841 ἡμᾶς
566 792 747 833 Tzetzes.
783 793 1045 835 SCHAEF.

316 860 434 895 1010,
462 861 525 897 14.
561 849 945 902 ὥσπερ-ἀγαπᾶτε]
982 850 1101 891 Talia
1136 850 1286 890 eximia
1318 855 1411 891 arte
1443 851 1684 892 inseruntur
1714 854 1768 893 ad

254 902 583 943 benevolentiam
600 905 787 957 judicum
809 907 1123 947 conciliandam.
1159 907 1409 947 SGHAEF.

315 973 434 1006 1010,
462 961 524 999 16.
557 961 601 1000 οὐ
629 961 894 1013 γὰρ-λέγειν
922 964 1018 1014 ἐστὶ]
1045 964 1112 1002 οὐκ
1141 965 1235 1004 ἴσως
1263 964 1385 1003 καλὸν
1412 965 1489 1003 υἱεῖ
1514 965 1600 1014 περὶ
1629 965 1769 1015 μητρὸς

253 1015 421 1066 ἀκριβῶς
443 1018 566 1056 εἰπεῖν
589 1032 627 1070 1).
650 1031 663 1056 1
678 1030 768 1065 102,
788 1032 803 1057 1
817 1032 851 1058 1.
875 1018 922 1068 ἢν
945 1020 1028 1068 ἐμοὶ
1048 1021 1121 1069 μὲν
1142 1019 1185 1058 οὐ
1209 1020 1328 1058 καλὸν
1349 1019 1484 1070 λέγειν
1505 1035 1544 1073 p.
1562 1034 1681 1073 1109,
1700 1034 1764 1062 20.

255 1070 396 1110 Simile
418 1071 517 1125 quid
538 1072 666 1112 habet
689 1073 910 1127 Euripides
934 1075 1070 1115 Orest.
1100 1076 1163 1116 26.
1201 1076 1461 1115 SCHAEF.

315 1140 434 1176 1010,
461 1140 524 1181 23.
557 1129 814 1180 ἐργαστήριον
842 1135 1109 1180 συκοφαντῶν,
1133 1133 1185 1170 ὧν
1212 1132 1439 1183 ἡγεμὼν-1
1465 1132 1581 1172 Conf.
1608 1147 1646 1185 p.
1672 1143 1767 1186 995,

257 1183 293 1222 8.
328 1185 396 1225 τὰς
425 1185 488 1223 ἐπὶ
519 1185 638 1226 δίκαις
669 1188 909 1236 ξυνωμοσίας
940 1187 1194 1241 Thucydidis
1226 1189 1262 1226 8.
1285 1198 1353 1242 54.
1384 1193 1482 1242 apte
1513 1190 1771 1241 comparavit

257 1239 569 1279 Schoemannus
590 1241 641 1279 de
669 1241 763 1281 Lite
784 1242 879 1282 Att.
903 1258 942 1296 p.
970 1255 1062 1297 709.
1101 1244 1360 1283 SCHAEF.

314 1308 433 1341 1010,
459 1297 523 1335 26.
546 1296 629 1346 μεθ’
652 1299 720 1348 ὧν]
749 1298 827 1337 Est
855 1299 1111 1339 constructio
1140 1300 1465 1347 ἀνανταπόδοτος,
1488 1300 1604 1353 cujus
1632 1314 1768 1340 excin-

253 1350 322 1403 pla
362 1351 403 1390 111
444 1352 610 1405 scriptis
651 1353 916 1394 classicorum
957 1356 1060 1395 satis
1101 1356 1233 1395 multa
1277 1356 1556 1410 reperiuntur,
1597 1356 1667 1395 ubi
1710 1356 1769 1396 in-

254 1411 458 1447 tersertae
513 1409 824 1450 enuntiationes
874 1416 1062 1451 tenorem
1117 1411 1383 1466 periodorum
1436 1412 1764 1466 interruperunt.

256 1463 516 1503 SCHAEF.
578 1465 695 1505 Oonf.
717 1467 770 1505 ad
798 1481 837 1519 p.
862 1480 961 1518 434,
985 1470 1049 1507 28.

316 1533 386 1559 101
401 1534 434 1566 1,
462 1534 524 1560 11.
547 1524 611 1570 τῆς
632 1524 797 1573 πόλεως]
825 1523 911 1562 Alii
932 1523 1027 1563 libri
1050 1525 1260 1566 πολιτείας.
1321 1524 1403 1564 Sed
1425 1524 1531 1564 conf.
1556 1539 1594 1578 p.
1616 1525 1708 1578 763,
1726 1537 1766 1578 5.

255 1575 515 1616 SCHAEF.

315 1645 434 1679 1011,
460 1646 525 1673 20.
547 1633 569 1682 ἡ
591 1636 738 1684 πρᾶξις]
765 1637 897 1685 πρᾶξις
920 1640 1061 1689 potest
1087 1650 1177 1675 esse
1198 1635 1355 1676 factum
1376 1636 1438 1675 vel
1459 1636 1620 1675 facinus
1642 1637 1769 1690 quod-

253 1701 414 1740 cunque
434 1704 441 1727 :
475 1689 547 1728 sed
568 1689 607 1728 h.
628 1689 652 1728 l.
678 1689 865 1743 inprimis
887 1696 950 1731 est
972 1691 1178 1739 callidum,
1202 1692 1373 1740 vafrum,
1397 1706 1575 1745 nequam
1596 1693 1767 1742 facinus,

256 1743 400 1783 dolosa
421 1744 689 1785 machinatio.
723 1747 926 1786 REISK.

316 1813 435 1847 1011,
462 1812 525 1852 27.
555 1802 716 1852 ἐπιδεῖν]
744 1802 810 1841 De
838 1817 881 1843 re
903 1803 1100 1856 jucunda.
1166 1803 1231 1843 Sic
1253 1803 1379 1843 etiam
1408 1818 1503 1843 mox
1524 1819 1562 1857 p.
1586 1817 1705 1852 1012,
1730 1806 1768 1844 6.

256 1855 376 1895 Talia
405 1857 603 1910 exempla,
631 1872 806 1910 quorum
834 1873 1029 1899 numerus
1058 1859 1162 1899 satis
1191 1874 1366 1913 magnus
1394 1864 1473 1907 est,
1497 1860 1682 1900 Thomae
1706 1861 1766 1900 M.

254 1925 336 1950 non
365 1912 534 1952 fuerunt
562 1913 603 1952 in
631 1918 811 1966 promtu,
835 1930 929 1954 011111
957 1930 997 1968 p.
1019 1928 1070 1968 33
1078 1926 1115 1970 5.
1146 1915 1347 1955 scriberet
1373 1916 1416 1955 τὸ
1444 1917 1597 1955 ἐπεῖδον
1626 1917 1675 1958 ὡς
1706 1917 1769 1956 ἐπὶ

253 1967 297 2006 τὸ
326 1968 427 2007 πολὺ
456 1970 518 2008 ἐπὶ
547 1973 749 2019 συμφορᾶς
775 1972 962 2011 τίθεσθαι.
1028 1972 1110 2010 Sed
1131 1972 1191 2012 ita
1214 1971 1318 2011 solet
1339 1972 1596 2025 magistellus
1617 1971 1693 2019 ille,
1717 1973 1768 2012 (10

255 2037 336 2075 (1110
359 2038 452 2063 vere
475 2024 789 2065 Doederleinius
809 2026 850 2065 in
874 2027 1055 2080 Symbol.
1082 2027 1286 2081 Philolog.
1311 2027 1584 2067 Helvetoruln
1609 2028 1768 2079 (Philo-

255 2078 413 2131 loffl'sclw
434 2081 628 2134 Beytrc‘ifye
648 2096 720 2121 aus
744 2082 814 2121 cler
835 2083 1026 2133 §blm-eis)
1049 2084 1126 2123 vol.
1150 2097 1182 2122 1.
1206 2099 1245 2136 p.
1271 2096 1366 2136 323.
1403 2085 1662 2123 SCHAEF.
1725 2084 1767 2123 Si

255 2134 346 2186 quis
375 2136 591 2189 utriusque
619 2152 717 2177 usus
746 2139 934 2191 exempla
962 2153 1182 2179 numerare
1209 2139 1330 2186 volet,
1360 2139 1480 2193 longe
1509 2139 1768 2193 frequentius

255 2190 306 2229 (10
338 2191 460 2230 rebus
491 2191 665 2245 ingratis
695 2208 819 2245 quam
842 2195 1036 2247 jucundis
1067 2194 1223 2234 dietum
1252 2195 1443 2247 reperiet.
1505 2195 1562 2235 Et
1594 2196 1671 2235 hoe
1702 2201 1766 2236 est

255 2246 365 2298 quod
396 2246 577 2287 Thomas
605 2249 667 2287 ἐπὶ
694 2249 736 2287 τὸ
765 2251 866 2290 πολὺ
894 2250 1011 2298 dixit,
1035 2250 1105 2304 qui
1137 2251 1201 2290 hic
1233 2251 1399 2304 quidem
1427 2265 1510 2290 non
1536 2256 1628 2291 erat
1657 2252 1767 2305 quod

255 2302 643 2355 reprehenderetur.

316 2370 434 2405 1012,
462 2371 523 2398 12.
554 2361 672 2411 οὗτοι]
701 2360 862 2400 Vellem
882 2367 957 2402 aut
985 2362 1180 2401 omissum
1206 2367 1281 2403 aut
1302 2367 1397 2416 post
1417 2363 1636 2413 λελήθασιν
1657 2363 1767 2416 posi-

256 2417 357 2452 tum.
395 2415 655 2455 SCHAEF.

323 2481 436 2517 1012,
464 2483 525 2523 13.
551 2474 779 2522 γεγόνασιν]
806 2473 984 2523 ἀδελφοί.
1022 2475 1281 2514 SCHAEF.

316 2539 434 2579 1013,
457 2540 496 2577 4.
521 2528 890 2579 παραγραψάμενοι]
914 2529 1016 2569 Cum
1042 2530 1233 2569 Solonem
1256 2530 1296 2569 in
1318 2531 1471 2570 tabulis
1494 2530 1606 2583 pacti
1629 2545 1766 2570 curas-

255 2595 391 2620 semus
422 2582 627 2622 arbitrum
659 2583 934 2623 scribendum.
971 2586 1172 2624 REISK.
1234 2586 1298 2625 De
1326 2586 1462 2626 libello
1492 2585 1766 2626 accusationis

255 2636 450 2691 intelligit
480 2638 665 2678 Meicrus
694 2639 734 2678 in
761 2644 982 2679 comment.
1004 2641 1054 2679 de
1083 2641 1276 2681 diaetetis
1297 2657 1334 2695 p.
1361 2655 1381 2680 2
1385 2653 1424 2696 5,
1447 2642 1488 2681 in
1510 2656 1591 2695 quo
1616 2655 1766 2681 nomen

255 2692 463 2734 diaetetae
496 2694 625 2745 (haud
658 2694 782 2734 dubie
816 2695 1003 2748 publici),
1037 2697 1105 2749 qui
1137 2697 1302 2750 utrique
1333 2697 1589 2751 litigantium
1623 2711 1766 2737 conve-

256 2748 377 2796 nerit,
399 2750 675 2803 1‘›e1·se1·ipt111n
700 2750 835 2790 fuerit.

318 2817 435 2857 1013,
462 2818 526 2845 20.
558 2806 605 2854 ἣν
634 2806 665 2845 6³
688 2808 762 2858 ἐγὼ
791 2810 927 2846 τοῦτον
956 2825 987 2846 κ.
1013 2824 1044 2846 τ.
1070 2809 1126 2858 λ,]
1155 2808 1526 2861 171119--οἰόμενος,
1556 2809 1603 2857 ἢν
1632 2809 1766 2859 ἐγὼ-

257 2862 321 2907 τῆς
351 2863 516 2910 προικός.
553 2863 826 2911 ἐπιδημοῦντος
857 2864 898 2901 δὲ
930 2864 1133 2902 τούτου-.
1177 2863 1283 2903 Dedi
1314 2863 1360 2912 ἣν
1388 2863 1417 2903 δ’
1449 2866 1581 2916 ἐγὼ-
1602 2870 1644 2903 et
1675 2869 1765 2903 tum

256 2914 475 2967 insequens
509 2922 711 2970 punctum
750 2922 954 2958 commate
995 2919 1151 2958 mutavi
1193 2925 1231 2958 et
1276 2921 1315 2958 δὲ
1355 2924 1449 2972 post
1492 2922 1765 2970 ἐπιδημοῦντος
