1935 3200
294 141 405 183 1264
562 141 625 181 IN
656 139 963 181 EUERGUM
997 138 1072 179 ET
1107 139 1534 180 MNESIBULUM.

358 261 479 301 1159,
508 258 544 300 7.
577 248 624 286 τὰ
654 247 699 301 τῇ
730 245 939 298 προτεραίᾳ
970 245 1270 297 περιγενόμενα]
1311 244 1417 294 Quae
1449 244 1513 284 die
1547 249 1637 284 ame
1671 244 1807 284 relicta

293 304 393 344 milei
423 317 542 356 neque
571 301 707 342 ablata
726 301 904 354 fluissent
933 305 1045 340 recte
1072 300 1199 340 vertit
1226 299 1366 340 Reisk.
1389 299 1431 339 in
1461 300 1552 340 Ind.
1576 300 1808 341 Graecitat.

294 359 427 414 Atqui
452 373 561 407 vasa,
585 358 636 398 de
657 358 806 411 quibus
827 362 947 397 actor
967 356 1034 397 hic
1057 356 1254 410 loquitur,
1278 360 1376 396 sunt
1398 356 1468 396 illa
1488 356 1590 410 ipsa,
1616 371 1721 409 quae
1743 356 1809 396 die

293 420 394 456 ante
423 415 568 455 ablata
599 418 732 454 erant.
795 413 991 466 Suspicor
1022 412 1150 467 igitur
1180 413 1284 453 haec
1313 413 1439 452 verba
1470 412 1690 453 inserenda
1721 427 1810 452 esse

294 476 391 527 post
413 473 531 522 σκεύη
548 486 585 511 v.
605 484 667 511 11.
702 470 952 510 SOHAEF.
1016 469 1098 509 Sed
1120 469 1223 509 conf.
1251 470 1287 521 ξ.
1313 470 1378 508 66.
1421 468 1633 509 SAUPP.

358 538 476 582 1159,
498 541 558 581 ¹3·
594 527 700 566 Post
721 527 760 566 11.
780 541 815 565 v.
838 526 960 579 vulgo
982 525 1194 579 sequitur:
1229 527 1290 565 καὶ
1320 525 1442 565 πάλιν
1467 525 1684 576 αὐθημερὸν
1711 526 1811 565 εἷσε-

293 585 536 634 ληλύθεισαν
565 585 618 624 εἷς
647 583 717 632 τὴν
745 583 882 627 οἰκίαν,
910 583 1060 621 ἕκτινον
1085 582 1155 631 τὴν
1183 583 1303 631 δίκην.
1366 581 1521 621 Locum
1552 581 1609 620 sic
1640 580 1811 621 exhibet

293 654 440 694 margo
464 639 738 680 Lutetianae:
774 655 833 690 γρ.
855 639 925 688 τὴν
946 639 1086 685 οἰκίαν,
1113 641 1158 693 τῇ
1188 637 1218 677 δ’
1237 638 1422 690 ὑστεραίᾳ
1449 638 1597 677 ἕκτινον
1620 639 1811 689 (ἐξέτινον

293 696 336 736 111
357 696 490 736 indice
514 695 725 744 Lambini)
750 695 819 744 τὴν
841 695 948 744 δίκην
970 694 1031 734 καὶ
1053 695 1297 744 ἐκομίσαντο.
1344 693 1526 733 Videtur
1546 698 1590 733 et
1611 693 1676 732 hic
1697 693 1811 733 locus

293 767 439 792 rursus
471 751 798 805 transpositione
828 751 1021 790 laborare
1042 754 1084 790 et
1106 751 1232 790 verba
1257 749 1314 789 sic
1339 764 1429 789 esse
1451 749 1694 797 ordinanda,
1718 755 1765 789 ut
1785 764 1811 789 a

294 824 359 849 me
396 809 654 862 transposita
687 812 796 847 sunt.
835 808 1038 847 REISK.
1099 806 1196 846 Alio
1232 811 1419 859 tempore
1451 805 1621 846 Reiskio
1656 805 1812 859 placuit

295 866 431 905 locum
467 865 524 905 sic
559 863 1068 918 ΓθῆηὲὉΓθε-εἰλήφεσάν
1098 881 1171 913 μου
1204 865 1250 902 τὰ
1285 862 1463 914 ἐνέχυρα,
1496 864 1540 912 τῇ
1575 861 1604 902 δ’
1628 863 1812 916 ὑστεραίᾳ

296 923 528 972 ἐκομίσαντο
557 922 600 960 τὸ
633 922 816 972 ἀργύριον
836 920 923 970 παρ’
943 922 1050 969 ἐμοῦ,
1082 920 1142 959 καὶ
1168 919 1286 958 πάλιν
1309 919 1525 970 αὐθημερὸν
1547 920 1812 966 εἰσεληλύθει-

296 995 373 1018 σαν
405 980 458 1020 εἰς
489 978 559 1027 τὴν
590 979 726 1025 οἰκίαν,
758 977 974 1017 ἐκτίνοντος
1004 976 1074 1025 τὴν
1105 976 1224 1025 δίκην,
1259 976 1402 1022 (καίτοι
1434 979 1512 1016 πῶς
1543 975 1696 1027 &ll—3)
1728 976 1812 1014 τού-

295 1052 448 1074 των-.
492 1034 604 1074 Vere
635 1033 701 1073 hie
732 1033 845 1072 loeus
873 1032 1037 1072 laborat
1059 1031 1409 1085 transpositione:
1445 1031 1509 1070 cui
1531 1035 1628 1071 utra
1650 1030 1812 1071 ratione

294 1090 451 1131 mederi
479 1094 687 1144 oporteat,
712 1095 852 1130 utrum
884 1089 961 1128 hae
983 1103 1107 1141 quam
1130 1088 1324 1127 Reiskius
1358 1087 1396 1126 in
1425 1091 1545 1127 textu
1572 1087 1813 1141 refingendo

296 1152 464 1187 secutus
495 1151 570 1194 est,
600 1161 653 1187 an
688 1146 754 1185 illa
783 1160 907 1199 quam
935 1144 1016 1184 alio
1050 1144 1085 1184 ei
1120 1150 1307 1197 tempore
1340 1143 1541 1197 placuisse
1578 1143 1675 1191 dixi,
1714 1158 1813 1184 sane

297 1218 419 1257 quam
442 1203 683 1257 ambiguum
700 1202 878 1241 videtur.
911 1200 1163 1241 SOHAEF.
1220 1201 1311 1254 Ego
1333 1200 1513 1253 priorem
1535 1204 1702 1240 secutus
1723 1214 1813 1239 sum

297 1259 456 1300 Reiskii
479 1259 698 1299 rationem.
741 1260 958 1299 ἐκτίνοντος
980 1257 1155 1297 codices

360 1328 478 1370 1159,
503 1317 564 1355 16.
588 1314 845 1366 ἐπηγγέλκειν
867 1312 1013 1367 αὐτοῖς]
1050 1313 1214 1353 Scilicet
1241 1314 1474 1363 κομίσασθαι
1495 1316 1570 1352 aut
1592 1313 1815 1362 ἀπολαβεῖν

297 1373 340 1412 τὸ
361 1374 545 1424 ἀργύριον
565 1371 652 1423 παρ’
674 1373 779 1422 ἐμοῦ.
822 1370 1022 1410 REISK.

357 1443 478 1482 1159,
500 1440 559 1481 17.
585 1428 818 1479 αὐθημερὸν]
844 1430 887 1477 τῇ
909 1428 1107 1479 ὑστεραίᾳ.
1153 1426 1414 1465 SCHAEF.

361 1499 480 1539 1159,
511 1487 576 1524 26.
612 1485 796 1533 ἀσθενοίη
835 1485 896 1523 καὶ
932 1484 1044 1523 οὐδὲν
1078 1484 1132 1522 ἔτι
1170 1481 1246 1536 εἴη]
1285 1483 1468 1521 ἀσθενεῖν
1505 1481 1574 1530 τὴν
1611 1482 1816 1533 ἄνθρωπον

298 1547 386 1582 tam
420 1541 642 1581 manifesto
677 1541 923 1594 apparebat,
956 1544 1003 1579 ut
1039 1554 1064 1579 a
1099 1539 1260 1578 medico
1296 1537 1397 1577 disci
1434 1552 1517 1577 non
1553 1552 1656 1590 opus
1691 1541 1812 1577 esset.

301 1599 562 1638 SCHAEF.

362 1656 481 1701 1160,
510 1669 550 1705 4.
584 1654 670 1695 τοὺς
702 1653 903 1704 ἐξηγητὰς]
947 1651 1063 1692 Citat
1094 1651 1182 1691 11.1.
1207 1649 1520 1704 Harpocration
1538 1649 1814 1701 ν.Ἐξηγητής.

300 1711 499 1751 REISK.
560 1709 767 1761 Ἐξηγηταὶ
807 1714 894 1748 tres
932 1709 1113 1755 fuerunt,
1147 1707 1216 1760 qui
1254 1707 1304 1746 de
1340 1706 1608 1760 religionibus
1644 1710 1686 1746 et
1721 1707 1815 1759 jure

300 1782 434 1816 sacro,
452 1781 533 1820 quo
554 1766 766 1820 pertinent
782 1764 910 1804 etiam
931 1766 1122 1804 funerum
1139 1764 1269 1817 justa,
1286 1762 1594 1802 consulentibus
1615 1776 1816 1816 responsa

299 1824 481 1864 dabant:
515 1838 551 1862 v.
577 1823 850 1862 Schoemann.
875 1821 930 1860 ad
955 1820 1120 1860 Isaeum
1142 1835 1181 1872 p.
1203 1820 1298 1873 398.

361 1882 480 1928 1160,
501 1892 563 1920 12.
589 1878 806 1931 ἀμφότερα]
841 1877 1025 1917 Subaudi
1047 1881 1186 1921 ποιεῖν,
1232 1876 1487 1916 SCHAEF.

362 1938 480 1984 1160,
502 1949 563 1986 14.
588 1935 1034 1986 ἐπενεγκεῖν-ὀνόματι
1054 1934 1126 1982 μὲν
1147 1932 1274 1972 οὐδενὶ
1295 1929 1594 1984 προαγορεύειν]
1624 1930 1816 1983 Apparet

301 2007 351 2033 ex
372 1993 413 2032 h.
436 1993 460 2031 1.
484 1992 517 2031 si
540 1991 631 2047 quis
663 1991 976 2031 interfectorem
1004 2004 1087 2028 non
1119 1998 1229 2028 esset
1259 1988 1300 2027 in
1327 1987 1482 2041 judicio
1510 1991 1814 2040 persecuturus,

301 2048 617 2089 denuntiatione
645 2047 811 2101 quidem
846 2047 900 2086 ad
937 2046 1169 2099 sepulcrum
1210 2043 1418 2084 interfecti
1455 2058 1574 2082 usum
1609 2057 1709 2090 esse,
1745 2042 1817 2081 sed

301 2105 364 2145 ita
383 2111 430 2144 ut
451 2119 599 2144 nomen
626 2103 906 2143 interfectoris
928 2102 1134 2149 reticeret,
1158 2100 1421 2140 dissimulans
1443 2099 1599 2139 scilicet
1622 2113 1714 2138 eum
1737 2097 1816 2138 sibi

301 2165 447 2201 notum
469 2175 571 2200 esse.
630 2160 750 2211 Quod
781 2159 952 2199 additur
978 2159 1029 2198 de
1058 2161 1215 2209 δόρατος
1243 2159 1426 2208 ἐπιφορᾷ,
1450 2155 1633 2208 pertinet
1662 2155 1717 2194 ad
1747 2168 1817 2194 eos

300 2222 468 2257 tantum
500 2216 569 2269 qui
605 2230 679 2268 por
704 2215 787 2255 vim
818 2215 939 2254 occisi
971 2218 1103 2254 erant.
1159 2213 1210 2251 V.
1235 2213 1442 2265 Harpoer.
1465 2227 1496 2250 s.
1518 2226 1554 2250 v.
1578 2213 1814 2262 ἐπενεγκεῖν.

304 2271 695 2314 SCHOEMANN.
719 2271 866 2323 Antiq.
889 2270 1001 2323 publ.
1024 2285 1063 2323 p.
1089 2270 1181 2321 289.

367 2331 593 2379 ἐπενεγκεῖν
624 2327 733 2381 δόρυ]
777 2327 893 2367 Citat
924 2327 963 2365 h.
986 2326 1009 2365 l.
1034 2323 1349 2377 Harpocration
1366 2338 1402 2362 v.
1425 2322 1681 2374 Ἐπενεγκεῖν
1712 2323 1815 2373 δόρυ.

303 2385 504 2425 REISK.
552 2384 605 2422 V.
630 2383 789 2423 Anecd.
814 2383 943 2421 Bekk.
967 2397 1006 2435 p.
1034 2390 1127 2434 237,
1150 2394 1216 2433 30.
1261 2379 1515 2420 SGHAEF.

364 2443 484 2489 1160,
508 2452 570 2493 15.
597 2439 894 2491 προαγορεύειν]
935 2437 1044 2488 Quid
1075 2436 1130 2476 sit
1158 2436 1258 2476 dicit
1281 2435 1429 2475 Pollux
1452 2436 1488 2484 8,
1512 2436 1579 2487 65.
1603 2434 1716 2488 apud
1732 2433 1817 2474 Va-

301 2498 447 2538 lesium
469 2496 523 2537 ad
545 2494 894 2550 Harpocrationis
916 2494 941 2533 1.
965 2508 999 2533 c.
1057 2492 1223 2532 Scilicet
1244 2492 1478 2531 interdicere
1499 2490 1629 2531 caedis
1649 2490 1815 2539 αιιοΐονί,

301 2569 349 2595 oze
369 2554 427 2594 ad
445 2552 638 2594 ίίιιιιιιῖιιιη
659 2551 843 2592 accedat:
876 2551 993 2604 ‘idque
1013 2555 1155 2603 oportet
1176 2549 1426 2601 elomfitcere,
1449 2547 1520 2600 qui
1539 2546 1819 2587 necessitudine

301 2611 478 2666 quadam
499 2614 719 2663 peremtzmn
739 2608 923 2661 αίίὶηῃαί.
958 2605 1150 2645 REISK.
1210 2605 1264 2645 V.
1281 2604 1585 2645 Valckenarius
1606 2604 1660 2643 ad
1684 2603 1817 2643 Hero-

303 2668 390 2708 dot.
412 2680 451 2720 3,
475 2669 542 2707 61.
586 2664 839 2705 SCHAEF.

365 2725 484 2772 1160,
509 2735 574 2764 22.
604 2722 692 2761 οὐδὲ
720 2720 936 2772 γὰρ-ἔστι
958 2717 1041 2772 σοι]
1077 2719 1142 2757 οὐκ
1171 2718 1336 2767 ἕννομόν
1358 2718 1477 2762 ἐστιν,
1501 2716 1568 2755 οὐκ
1597 2715 1700 2768 ἔχεις
1727 2716 1817 2766 πρό-

304 2786 428 2830 φασιν
449 2779 610 2819 δικαίαν.
640 2777 698 2816 W
704 2776 819 2817 OLF
824 2809 831 2816 .
894 2776 1010 2815 Idem
1031 2779 1095 2814 est
1115 2788 1164 2814 ac
1187 2773 1219 2813 si
1243 2773 1440 2813 dixisset:
1475 2774 1567 2822 αὕτη
1588 2773 1610 2822 ἡ
1631 2771 1728 2823 γυνὴ
1751 2771 1815 2810 οὐκ

305 2836 413 2876 ἔστιν
441 2837 484 2876 ἐν
507 2837 558 2888 τῷ
588 2834 733 2888 ἀριθμῷ
765 2834 921 2878 τούτων,
952 2833 1004 2871 ὧν
1031 2848 1077 2871 σε
1108 2831 1235 2881 κύριον
1263 2832 1282 2869 ὁ
1315 2831 1431 2879 νόμος
1461 2829 1681 2877 πεποίηκεν,
1715 2829 1815 2866 ὥστε

304 2893 399 2943 ὑπὲρ
435 2892 558 2932 αὐτῶν
593 2890 825 2937 δικάζεσθαι.
871 2887 1064 2928 REISK.
1142 2887 1237 2925 Hoc
1278 2885 1390 2933 (licit,
1433 2899 1508 2925 non
1549 2884 1624 2938 leffe
1662 2883 1815 2937 &offeri-3.
