1935 3200
246 130 358 172 1092
624 125 946 166 ADVERSUS
978 122 1307 165 ONETOREM
1342 122 1374 162 I.

245 247 364 273 versa
395 232 437 271 in
464 231 692 286 genitivum
722 228 908 275 retinuit,
931 233 979 268 ut
1008 227 1098 267 fieri
1126 227 1288 267 adsolet
1319 226 1361 265 in
1386 225 1622 280 hujusmodi
1648 225 1755 266 locu—

244 289 439 336 tionibus,
463 287 710 341 particulam
731 284 1069 338 comparativam.
1113 283 1371 323 SCHAEF.

305 346 398 398 874,
424 358 488 385 21.
520 344 673 393 πασῶν]
719 341 890 381 Scilicet
919 339 1121 391 βασάνων.
1177 338 1440 378 Vocabulum
1469 337 1647 387 βάσανος
1677 337 1757 391 pri-

246 415 359 440 mum
400 400 588 439 universe
628 412 749 438 omne
788 410 919 451 genus
960 395 1257 450 explorationis
1288 395 1373 435 veri
1409 393 1631 448 significat,
1667 398 1757 433 tum

247 456 512 510 peculiariter
534 455 632 494 illud
653 468 782 508 genus
804 452 1045 506 explorandi
1068 451 1165 500 veri,
1189 465 1315 505 quum
1336 465 1410 504 per
1430 454 1642 490 tormenta
1664 463 1757 489 con-

247 513 370 552 fessio
392 512 475 552 veri
502 511 759 564 exprimitur.
822 509 1042 549 Sententia
1072 507 1201 562 igitur
1231 508 1334 547 haec
1365 511 1450 547 est:
1486 505 1576 545 Vos
1603 510 1646 546 et
1676 505 1757 559 pri-

249 569 377 608 vatim
412 573 455 608 et
490 567 651 621 publice
689 566 858 606 modum
897 565 1011 604 illum
1051 564 1363 617 extorquendae
1400 562 1678 609 confessionis,
1715 567 1757 602 et

248 624 519 664 inveniendae
550 623 752 672 veritatis,
787 621 857 675 qui
892 620 1114 661 tormentis
1153 620 1381 674 peragitur,
1417 634 1492 673 pro
1529 617 1758 658 certissimo

247 681 498 734 reliquorum
520 679 703 719 omnium
724 679 941 718 modorum
961 676 1138 717 habetis.
1172 677 1374 715 REISK.
1420 674 1619 714 Wolfius:
1644 688 1759 727 quae-

246 736 434 776 stionibus
463 750 659 776 summam
677 735 805 788 fidem
834 733 992 774 habetis.
1042 734 1204 773 Vereor
1224 747 1275 772 ne
1297 732 1396 786 quid
1417 731 1506 771 vitii
1528 730 1593 770 hic
1613 731 1757 770 lateat.

251 793 342 847 Ego
364 792 529 846 quidem
551 792 694 832 vellem
722 791 852 831 codex
876 790 960 831 tale
982 789 1081 843 quid
1103 789 1271 829 offerret
1289 806 1295 828 :
1328 790 1511 839 βάσανον
1533 786 1759 837 ἀκριβεστέ-

247 866 320 900 ραν
351 853 488 888 πασῶν
517 852 731 899 μαρτυριῶν
763 848 947 897 νομίζετε.
983 846 1329 885 SCHAEFER.
1390 844 1521 884 Recte
1551 842 1685 882 haesit
1718 842 1759 881 in

248 905 459 958 scriptura
488 905 682 959 vulgata:
722 918 862 943 verum
900 917 981 942 non
1013 903 1194 942 debebat
1229 905 1443 952 μαρτυριῶν
1473 899 1640 945 addere,
1673 899 1758 947 sed,

249 962 360 1015 quod
388 961 482 1000 huic
510 961 630 1014 longe
661 964 849 1013 praestat
881 964 923 999 et
950 959 1068 999 facile
1099 963 1195 1011 post
1223 961 1360 997 πασῶν
1388 956 1577 996 excidere
1607 955 1758 1009 potuit⁷

248 1020 431 1065 πίστεων,
455 1022 667 1070 repertum
695 1017 748 1056 ab
772 1016 980 1055 Dobraeo.
1042 1015 1106 1054 De
1135 1029 1216 1067 quo
1245 1028 1292 1053 eo
1320 1013 1456 1052 minus
1485 1011 1759 1051 dubitandum

251 1088 377 1126 quum
409 1073 552 1112 similis
584 1072 901 1126 significationis
923 1071 1167 1111 vocabulum
1190 1071 1356 1121 ἔλεγχος
1377 1084 1442 1122 ap.
1468 1069 1632 1107 Isaeum
1652 1068 1761 1121 lega-

250 1135 321 1169 tur
346 1145 384 1183 p.
410 1141 477 1182 70,
503 1143 532 1168 1.
557 1144 679 1182 quein
711 1129 845 1168 locum
876 1132 1013 1168 totum
1044 1128 1130 1177 περὶ
1162 1126 1352 1176 βασάνων
1379 1125 1525 1165 leviter
1551 1129 1762 1164 mutatum

251 1186 457 1239 expressit
480 1185 795 1229 Demosthenes7
814 1186 920 1234 ὑμεῖς
940 1186 1013 1234 μὲν
1034 1184 1164 1222 τοίνυν
1187 1183 1246 1222 καὶ
1270 1182 1343 1234 ἰδίᾳ
1366 1182 1426 1220 καὶ
1448 1181 1613 1233 δημοσίᾳ
1634 1180 1761 1227 βάσα-

253 1258 322 1281 νον
343 1241 628 1292 ἀκριβέστατον
650 1242 819 1292 ἔλεγχον
841 1242 1010 1290 νομίζετε
1040 1240 1100 1278 καὶ
1129 1240 1274 1278 ὁπόταν
1298 1237 1409 1288 (libri
1437 1236 1583 1291 optimi
1610 1236 1763 1275 Demo-

252 1297 411 1336 sthenis
442 1298 538 1337 ὅπου
568 1298 634 1347 ἂν)
659 1301 792 1336 δοῦλοι
825 1298 885 1336 καὶ
918 1297 1115 1346 ἐλεύθεροι
1140 1294 1436 1345 παραγένωνται
1468 1294 1529 1332 καὶ
1561 1292 1627 1347 δέῃ
1660 1294 1762 1343 εὑρε-

252 1355 369 1402 θῆναί
396 1370 430 1393 τι
461 1357 536 1392 τῶν
560 1353 809 1402 ζητουμένων,
833 1353 878 1391 οὐ
908 1355 1057 1404 χρῆσθε
1082 1355 1165 1392 ταῖς
1189 1355 1265 1389 τῶν
1292 1349 1508 1399 ἐλευθέρων
1528 1350 1761 1399 μαρτυρίαις,

252 1410 359 1448 ἀλλὰ
389 1410 474 1451 τοὺς
507 1411 669 1450 δούλους
703 1409 985 1457 βασανίζοντες
1017 1409 1113 1447 οὕτω
1151 1408 1293 1456 ζητεῖτε
1323 1407 1448 1455 εὑρεῖν
1480 1405 1549 1453 τὴν
1575 1404 1763 1453 ἀλήθειαν

251 1469 327 1504 τῶν
366 1465 635 1516 γεγενημένων
673 1465 803 1518 (apud
839 1463 1165 1504 Demosthenem
1202 1462 1321 1515 vulgo
1356 1465 1431 1500 τῶν
1466 1461 1762 1512 πεπραγμένων,

253 1521 363 1574 quod
392 1521 509 1560 omisi
539 1535 631 1560 cuin
656 1521 710 1560 A.
735 1521 776 1560 S.
800 1521 868 1569 r.)·
898 1521 1064 1566 εἰκότως,
1087 1518 1116 1558 ὦ
1144 1520 1290 1569 ἄνδρες·
1324 1518 1483 1557 σύνιστε
1510 1518 1584 1568 γὰρ
1606 1517 1664 1555 ὅτι
1688 1520 1764 1556 τῶν

252 1577 577 1628 μαρτυρησάντων
602 1577 671 1627 ἤδη
699 1578 799 1618 τινὲς
826 1575 965 1625 ἔδοξαν
986 1577 1030 1615 οὐ
1056 1577 1203 1624 τάληθῆ
1232 1576 1482 1625 μαρτυρῆσαι,
1506 1576 1581 1612 τῶν
1603 1573 1644 1611 δὲ
1664 1577 1706 1622 β.
1729 1589 1763 1611 ο.

252 1650 292 1672 π.
320 1635 350 1673 ε’.
379 1634 429 1674 ὡς
462 1634 527 1672 οὐκ
565 1634 689 1681 ἀληθῆ
723 1634 764 1672 ἐκ
797 1636 872 1672 τῶν
902 1631 1093 1681 βασάνων
1124 1632 1298 1672 εἰπόντες
1323 1634 1401 1669 etc.
1443 1628 1513 1668 ubi
1545 1627 1765 1668 manifesta,

253 1688 435 1729 imitatio
452 1690 539 1742 jam
563 1688 840 1742 Porphyrium
861 1688 1043 1727 advertit
1065 1687 1176 1740 apud
1200 1686 1354 1725 Euseb.
1379 1685 1526 1738 Praep.
1547 1684 1621 1724 Ev.
1642 1697 1705 1731 10,
1724 1697 1763 1737 3.

253 1760 293 1798 p.
315 1746 411 1795 466„
435 1748 481 1784 τὰ
502 1746 587 1796 περὶ
618 1744 807 1794 βασάνων
829 1744 1010 1794 εἰρημένα
1037 1743 1123 1794 παρ’
1142 1743 1272 1795 Ἰσαίῳ
1295 1744 1337 1781 ἐν
1359 1742 1409 1794 τῷ
1432 1741 1519 1791 περὶ
1546 1744 1613 1779 τοῦ
1644 1741 1764 1791 Κίρω-

255 1819 320 1843 νος
352 1801 493 1851 κλήρου
525 1803 587 1840 καὶ
616 1803 720 1851 παρὰ
739 1799 956 1850 Ἰσοκράτει
987 1801 1030 1839 ἐν
1059 1802 1110 1852 τῷ
1141 1800 1386 1851 τραπεζιτικῷ
1420 1801 1538 1836 κεῖται
1571 1797 1630 1835 καὶ
1661 1798 1765 1847 παρὰ

259 1857 506 1907 Δημοσθένει
529 1859 570 1896 ἐν
591 1859 641 1910 τῷ
670 1855 747 1895 κατ’
765 1855 976 1906 Ὀνήτορος
998 1856 1158 1904 ἐξούλης
1180 1854 1325 1906 σχεδὸν
1344 1856 1405 1892 διὰ
1426 1856 1501 1891 τῶν
1523 1853 1646 1891 αὐτῶν
1669 1855 1764 1902 εἴρη-

253 1930 327 1952 ται.
392 1912 470 1963 Qui
497 1913 577 1952 (luo
606 1912 687 1952 alia
716 1912 870 1952 addere
902 1911 1108 1965 potuisset
1138 1909 1327 1963 exempla
1359 1923 1441 1947 non
1471 1908 1606 1947 minus
1636 1908 1765 1947 mani-

254 1969 375 2016 festa,
408 1969 459 2008 de
490 1969 638 2022 quibus*
660 1983 694 2007 v.
721 1969 775 2007 ad
802 1983 841 2021 p.
867 1968 960 2020 813,
985 1981 1045 2006 II.
1080 1969 1174 2021 967,
1199 1981 1236 2020 9.
1298 1965 1420 2004 Adde
1451 1978 1555 2018 quae
1589 1964 1640 2003 de
1675 1978 1765 2004 ora-

255 2025 368 2064 tione
397 2024 587 2064 Midiana
618 2025 730 2064 dicta
760 2029 858 2063 sunt
892 2024 933 2062 in
970 2023 1103 2076 prima
1133 2023 1186 2062 ad
1217 2036 1308 2062 eam
1339 2019 1611 2061 annotatione
1643 2025 1684 2061 et
1715 2020 1765 2060 de

259 2080 445 2120 Isocrate
466 2081 519 2120 ad
542 2095 580 2133 p.
607 2091 699 2132 701,
721 2094 759 2133 3.

309 2137 402 2189 875,
422 2150 483 2175 11.
507 2135 875 2186 ἀμφισβητουμένης
900 2135 970 2185 ἤδη
995 2137 1059 2184 τῆς
1084 2135 1232 2184 οὐσίας]
1271 2133 1387 2173 Haeo
1409 2132 1535 2171 Verba
1560 2131 1766 2172 rationem

256 2192 428 2232 reddere
460 2191 798 2246 praecedentium
819 2191 886 2231 τὸν
907 2192 1051 2243 χρόνον
1071 2191 1121 2241 μὴ
1150 2191 1340 2242 ἐγχωρεῖν
1360 2192 1473 2228 recte
1497 2193 1638 2228 monet
1660 2187 1765 2227 Pen-

255 2262 400 2288 rosms.
