1935 3200
280 142 391 185 1294
614 140 693 179 DE
730 138 967 180 CORONA
1002 138 1470 180 TRIERARCHICA.

278 259 319 298 p.
348 257 468 298 1229,
496 246 610 295 10.);
659 244 710 283 de
744 243 966 297 posteriori
1002 257 1110 282 nuno
1150 243 1198 282 lis
1235 247 1311 282 est.
1377 242 1526 295 Itaque
1562 245 1637 280 τῶν
1674 245 1799 282 καλῶς

280 300 609 350 δεδιηκονημένων
634 299 866 353 generatim
894 299 1221 353 intelligendum.
1258 297 1510 339 SCHAEF.

340 369 459 408 1230,
488 369 550 408 15.
575 355 855 409 Ἀλέξανδρον]
881 356 1130 395 Pheraeum.

336 415 380 466 τῇ
413 414 608 465 ναυμαχίᾳ
638 415 683 466 τῇ
715 412 811 462 πρὸς
831 410 1097 462 Ἀλέξανδρον
1128 410 1344 463 ἐνικήθητε]
1378 409 1442 449 De
1470 409 1548 449 hoc
1576 407 1732 461 proelio
1759 423 1795 447 V.

280 468 453 508 Diodor.
478 478 541 521 15,
566 478 632 521 95.
658 473 701 508 et
724 467 920 521 Polyaen.
945 469 982 515 6,
1009 479 1044 507 2.

340 537 459 576 1230,
487 524 550 563 18.
575 525 823 575 παρεδώκατε
852 525 904 565 εἰς
929 524 971 563 τὸ
1001 522 1265 575 δικαστήριον]
1296 521 1466 575 Dionys.
1491 520 1628 560 Halic.
1654 519 1730 559 vol.
1755 532 1794 572 5.

277 595 317 634 p.
353 582 449 634 665.
486 579 556 619 ubi
593 579 825 620 Orationem
863 580 959 630 πρὸς
996 578 1287 629 Μελήσανδρον
1321 579 1416 628 ὑπὲρ
1451 580 1517 626 τῆς
1552 578 1799 628 τριηραρχίας

277 640 483 676 memorat
523 636 630 676 male
670 636 875 677 tributam
912 635 1138 683 Dinarcho,
1181 633 1271 674 ἀλλ’
1306 636 1325 674 ὁ
1362 635 1434 682 μὲν
1473 632 1606 684 λέγων
1646 633 1694 674 ὡς
1735 633 1798 672 ἐπὶ

278 694 472 734 Μόλωνος
508 693 698 744 ἄρχοντος
737 692 915 746 (Olymp.
944 705 1034 742 104,
1066 693 1126 744 3.)
1165 691 1428 743 γεγενημένου
1464 692 1532 728 τοῦ
1567 688 1797 738 ἀδικήματος

276 752 443 788 ποιεῖται
479 748 547 788 τὸν
582 750 718 800 λόγον·
763 749 861 800 φησὶ
898 749 939 787 δὲ
974 750 1024 801 τῷ
1061 747 1209 800 ὑστέρῳ
1247 747 1323 786 ἔτει
1360 745 1523 785 εἰσιέναι
1559 745 1628 784 τὸν
1664 746 1798 796 ἀγῶνα

277 805 339 844 ἐπὶ
366 806 598 856 Νικοφήμου
626 806 815 858 ἄρχοντος
840 804 1022 858 (Olylnp.
1046 817 1137 852 104,
1162 804 1238 853 4.),
1264 804 1348 843 καθ’
1371 802 1416 841 ὃν
1443 802 1660 851 εὑρίσκεται
1684 817 1796 852 γεγε-

277 862 440 911 νημένος
476 863 495 900 ὁ
531 862 761 913 Δείναρχος.
826 861 958 912 Quem
993 860 1128 899 locum
1165 858 1421 913 comparavit
1458 857 1637 898 Clinton.
1674 857 1792 897 Fast.

278 916 388 956 Hell.
411 917 464 957 ad
488 916 649 970 Olymp.
674 931 764 968 104,
787 930 827 970 3.
874 917 927 956 V.
950 916 1005 956 ad
1026 931 1065 969 p.
1090 917 1210 962 1208,
1231 917 1267 955 8.

332 973 593 1024 δικαστήριον]
629 974 890 1023 δεσμωτήριον
919 972 1073 1011 codicis
1104 972 1215 1026 Aug.
1247 971 1481 1024 exemplum
1511 969 1720 1023 posterius
1751 974 1795 1010 et

275 1043 422 1083 margo
466 1029 730 1069 Lutetianae.
794 1029 922 1076 Vere,
963 1028 1120 1081 opinor.
1188 1029 1293 1068 Cum
1332 1027 1443 1067 enim
1483 1028 1520 1065 οἱ
1559 1027 1796 1076 παραδόντες

275 1085 431 1125 fuerint
465 1085 590 1124 iidem
626 1088 662 1125 οἱ
693 1087 869 1125 δικασταὶ
909 1087 958 1137 (v.
987 1100 1021 1124 v.
1050 1086 1146 1136 21.),
1179 1089 1292 1124 recte
1328 1083 1524 1122 dicuntur
1556 1085 1795 1132 παραδοῦναι

276 1143 330 1183 εἰς
351 1142 393 1181 τὸ
417 1141 678 1192 δεσμωτήριον
698 1158 705 1181 t
739 1156 821 1181 11011
843 1141 943 1181 item
964 1143 1203 1191 παραδοῦναι
1226 1142 1277 1181 εἰς
1298 1141 1341 1179 τὸ
1366 1138 1624 1188 δικαστήριον.
1670 1138 1794 1178 Adde

276 1198 387 1250 quod
416 1202 573 1243 orator,
595 1197 627 1236 si
656 1198 839 1237 dedisset
861 1197 1086 1251 vulgatam,
1110 1196 1168 1235 sic
1190 1196 1353 1236 videtur
1381 1195 1611 1248 scripturus
1638 1193 1790 1233 fuisse:

274 1255 511 1304 παραδόντες
534 1256 586 1295 εἰς
606 1256 649 1293 τὸ
673 1254 919 1304 δικαστήριον
942 1252 1404 1304 κατεχειροτονήσατε-.
1439 1249 1689 1291 SCHAEF.

335 1323 454 1363 1230,
481 1323 729 1363 20.-1232,
754 1322 818 1360 24.
839 1309 1104 1360 Ἀριστοφῶν]
1136 1308 1215 1348 Est
1244 1307 1505 1361 Aristophon
1535 1305 1790 1355 Azeniensis,

274 1366 326 1405 de
349 1380 429 1419 quo
452 1366 609 1406 dictum
632 1367 685 1406 ad
707 1381 746 1419 p.
769 1379 865 1419 434,
892 1378 958 1405 21.

334 1434 454 1475 1230,
480 1435 544 1464 22.
577 1422 625 1461 ἂν
656 1423 769 1462 οὐδὲν
799 1437 916 1462 error
946 1421 1193 1474 typothetae
1225 1435 1300 1474 pro
1329 1420 1442 1460 οὐδὲν
1469 1420 1529 1459 ἄν.
1573 1418 1621 1458 ἂν
1649 1423 1791 1458 autem

274 1492 353 1518 om.
381 1479 421 1518 S.
444 1493 476 1518 r.
500 1483 543 1518 et
567 1484 679 1518 recte
703 1479 880 1532 quidem.
926 1478 979 1517 V.
1002 1477 1057 1517 ad
1078 1492 1117 1530 p.
1143 1478 1238 1530 663,
1264 1487 1324 1529 17.
1377 1476 1522 1516 Habet
1543 1474 1791 1528 particulum

274 1534 513 1589 Augustani
537 1535 690 1574 codicis
716 1534 926 1588 exemplar
948 1538 1183 1585 utrumque.

333 1604 453 1643 1230,
479 1602 543 1644 25.
578 1592 958 1641 φρίττουσιν-ὑπὲρ
991 1588 1119 1642 ὧν-]
1156 1589 1354 1629 Notanda
1386 1586 1642 1627 constructio
1676 1587 1790 1626 verbi

273 1648 458 1698 φρίττειν.
521 1646 718 1686 Genitivo
737 1646 855 1700 jungi
880 1646 921 1685 in
945 1645 1174 1698 Aeschyleo
1197 1645 1286 1685 loco
1310 1646 1372 1697 (S.
1397 1659 1429 1683 c.
1455 1643 1531 1683 Th.
1557 1644 1674 1697 492.)
1698 1657 1790 1682 cum

272 1702 516 1755 opinaretur
546 1702 886 1743 Wundcrlichius
919 1702 1137 1742 Observat.
1175 1701 1280 1741 Urit.
1317 1716 1354 1754 p,
1382 1714 1488 1747 121„
1524 1700 1699 1739 multum
1729 1713 1789 1739 er—

272 1758 407 1799 ravit:
442 1773 538 1798 nam
565 1759 794 1808 δινήσαντος
822 1773 903 1797 non
933 1757 1093 1811 regitur
1113 1772 1137 1797 a
1159 1757 1283 1796 verbo
1313 1759 1463 1808 ἔφριξα,
1485 1756 1557 1795 sed
1585 1760 1649 1795 est
1675 1755 1789 1809 geni-

271 1815 379 1854 tivus
401 1829 521 1869 quem
543 1815 780 1855 absolutum
802 1815 945 1854 dicunt
966 1813 1266 1868 significatque,
1290 1827 1372 1852 non
1394 1814 1437 1852 τὸ
1459 1813 1529 1860 ὅτι,
1553 1812 1625 1851 sed
1646 1811 1689 1850 τὸ
1711 1812 1787 1850 ὅτε.

273 1871 523 1911 ‚SOHAEE

334 1940 452 1981 1231,
479 1939 514 1979 7.
548 1928 609 1967 καὶ
629 1928 759 1978 μηδεὶς
782 1930 885 1978 ’ὑμῶν
917 1926 1122 1980 ἐπιτιμήσῃ
1146 1944 1175 1966 κ.
1200 1943 1233 1965 τ.
1257 1926 1316 1978 λ.]
1350 1925 1526 1965 Poterat
1547 1923 1657 1963 enim
1678 1922 1787 1962 inso-

270 1982 370 2031 lens,
392 1984 588 2023 acerbum
608 1989 650 2024 et
671 1998 872 2037 arrogans
889 1983 1017 2022 videri
1035 1982 1245 2022 hominem
1261 1981 1482 2035 privatum,
1503 1980 1571 2033 qui
1590 1993 1787 2019 coronam

269 2054 296 2078 a
326 2039 478 2093 populo
510 2044 684 2093 peteret,
718 2054 811 2079 cum
837 2038 1099 2079 vehementia
1124 2037 1326 2078 orationis
1355 2036 1691 2090 ludimagistrum
1717 2034 1785 2073 de-

271 2100 391 2134 cente
424 2096 622 2149 populum
658 2096 700 2135 in
737 2096 872 2149 ipsmn
911 2094 1046 2134 invehi
1083 2095 1254 2147 ejusque
1290 2107 1424 2133 mores
1465 2091 1783 2145 reprehendere.

273 2150 469 2191 REISK.

334 2220 346 2244 1
360 2219 451 2259 231,
477 2220 536 2246 11.
560 2206 662 2261 ἔχει]
689 2207 856 2246 Scilicet
873 2208 1072 2256 πρόδοσιν,
1091 2204 1400 2258 manupretium
1421 2203 1554 2251 militi,
1572 2217 1666 2242 cum
1688 2217 1784 2242 con-

271 2261 484 2310 scribitur,
504 2263 546 2302 in
569 2277 715 2302 manus
737 2263 894 2308 datum,
923 2276 1003 2314 quo
1031 2276 1113 2300 non
1135 2261 1258 2300 modo
1279 2260 1355 2299 fiat
1376 2259 1555 2299 alacrior
1581 2257 1783 2312 partium-

272 2332 351 2371 que
373 2332 541 2358 suarum
564 2318 801 2363 studiosior.
825 2317 896 2356 sed
918 2317 1045 2356 etiam
1071 2316 1306 2356 necessaria
1327 2315 1530 2368 quaedam
1552 2315 1605 2354 ad
1627 2314 1781 2354 cultum

270 2374 507 2427 victumque
530 2379 572 2413 et
593 2374 645 2414 ad
668 2372 987 2413 commoditates
1012 2372 1184 2412 militiae
1206 2371 1283 2411 sibi
1305 2376 1531 2423 comparet.
1567 2371 1770 2410 REISK.

331 2443 450 2483 1231,
479 2442 541 2469 12.
583 2429 706 2483 οὗτοι]
750 2427 993 2468 Adversarii
1028 2427 1284 2481 Apollodori,
1319 2427 1417 2465 dum
1457 2426 1782 2466 trierarchorum

270 2500 440 2525 munere
460 2486 703 2539 funguntur.
738 2484 917 2524 Licitum
934 2483 1042 2523 enim
1060 2484 1136 2522 hoc
1154 2482 1395 2523 trierarchis
1412 2482 1501 2522 fuit.
1527 2481 1777 2522 SCHAEF.

333 2554 453 2594 1231,
482 2554 542 2594 13.
577 2543 630 2583 εἰς
661 2540 870 2592 ἐπίπλουν]
909 2539 1055 2579 Malim
1077 2541 1131 2581 εἰς
1163 2539 1345 2583 ἔκπλουν,
1368 2538 1426 2577 ad
1444 2537 1735 2591 enaviyandum
1756 2551 1783 2576 α

262 2603 398 2651 porta.
447 2597 641 2637 REISK.
702 2595 924 2649 Repetitur
965 2595 1205 2648 conjectura
1244 2594 1285 2633 in
1329 2594 1419 2633 Ind.
1455 2593 1685 2634 Graecitat.
1730 2592 1779 2631 F.

271 2654 333 2692 ἐπὶ
368 2657 516 2692 πλοῦνε
551 2657 598 2692 ut
633 2655 685 2694 εἰς
720 2657 859 2692 ortum
892 2650 947 2690 sit
980 2665 1001 2689 e
1035 2650 1196 2690 duabus
1236 2649 1388 2690 litteris
1420 2648 1779 2689 antecedentibus.

274 2708 525 2749 SOHAEF.

333 2776 451 2817 1231,
477 2776 542 2804 22.
576 2765 618 2803 τὸ
652 2765 905 2814 τρίτον-τοῦ
939 2762 1135 2814 σώματος]
1184 2762 1226 2800 τὸ
1269 2761 1443 2810 καθάπαξ
1486 2761 1698 2810 ἠτιμῶσθαι
1738 2759 1780 2798 in

272 2819 464 2860 Midiana
494 2834 534 2872 p.
555 2832 652 2872 542,
677 2832 741 2872 23,
771 2823 814 2858 et
846 2817 942 2858 alibi
975 2816 1218 2857 habuimus:
1253 2822 1300 2856 ut
1328 2816 1547 2857 videantur
1575 2820 1617 2855 et
1647 2814 1779 2854 Athe-

270 2875 431 2914 nienses
464 2874 779 2914 diminutionem
820 2872 968 2927 capitis
1009 2871 1204 2912 habuisse
1245 2886 1452 2926 magnam,
1494 2871 1695 2924 majorem
1734 2874 1778 2909 et

270 2930 506 2979 maximam,
549 2936 596 2970 ut
637 2930 769 2970 nostri
801 2927 1101 2983 jurisconsulti.
1138 2927 1328 2967 WOLF.
1402 2927 1455 2966 V.
1491 2927 1657 2967 Petitus
1691 2925 1776 2964 LL.
