1935 3200
278 132 387 172 1108
640 133 961 174 ADVERSUS
999 132 1429 175 PHORMIONEM.

277 238 538 278 descendere.
614 238 748 278 Miror
788 244 928 279 tamen
976 238 1240 279 nihilominus
1281 239 1545 281 insolentiam
1586 241 1790 291 dictionis,

277 309 385 347 quae
406 294 473 334 vix
502 294 605 335 alias
638 295 770 335 soleat
800 294 878 334 nisi
907 295 957 334 de
988 295 1217 349 peregrinis
1246 296 1450 349 usurpari.
1494 297 1546 336 V.
1569 312 1608 350 p.
1634 311 1727 352 924,
1752 301 1790 338 6.

277 350 471 391 REISK.
535 350 816 391 Athenienses
851 350 978 390 fuisse
1013 356 1210 405 arguunt,
1239 352 1399 405 opinor,
1428 354 1466 392 αἱ
1500 354 1705 400 ἐπιδόσεις,
1742 355 1793 394 (10

278 406 427 459 quibus
448 422 487 460 p.
514 408 608 461 918,
633 419 697 447 21.
746 408 1005 447 SCHAEF.

335 474 429 517 907,
454 475 514 502 12.
548 462 626 503 οὐδ’
650 464 801 514 ἄπειροι
828 467 895 503 τοῦ
923 464 1164 517 ζημιοῦσθαι]
1198 463 1280 503 Tot
1307 464 1394 517 jam
1425 464 1596 504 fecimus
1628 466 1790 514 damna,

276 522 323 558 ut
342 519 468 559 etiam
490 519 596 559 hanc
613 519 824 573 jacturam
844 533 978 573 aequo
995 519 1133 559 animo
1150 534 1331 560 essemus
1352 519 1489 570 laturi,
1507 520 1585 560 nisi
1604 521 1792 562 fraudem

276 575 395 614 nobis
419 575 524 615 strui
547 575 881 630 intelligeremus.
925 577 1185 615 SCHAEF.

336 641 429 685 907,
453 642 514 685 15.
542 633 584 671 ἐν
605 635 649 687 τῇ
672 631 736 682 νηὶ·
753 631 778 671 i.
799 647 835 686 q.
859 632 920 671 ἐπὶ
941 634 1006 681 τῆς
1027 633 1122 674 νεὼς
1141 647 1177 671 V.
1205 632 1241 671 8.
1304 632 1374 670 Ad
1396 632 1439 671 οὐ
1462 633 1791 673 συναπολέσαντα

276 687 452 727 subaudi
475 692 553 729 τοῖς
574 689 725 737 ἄλλοις,
748 689 784 728 οἲ
804 690 851 728 τὰ
875 690 1018 728 ἑαυτῶν
1042 689 1085 728 ἐν
1105 691 1150 743 τῇ
1175 688 1238 738 νηὶ·
1257 688 1481 728 ἀπώλεσαν.
1517 689 1776 729 SCHAEF.

335 744 429 797 908,
455 757 486 783 1.
509 746 545 784 οἱ
567 745 694 797 νόμοι]
735 744 832 784 Vid.
855 759 894 797 p.
919 744 1013 793 882,
1036 758 1062 794 4

335 801 429 853 908,
451 812 490 853 5.
522 800 872 854 παραγράφεσθαι]
898 801 952 840 In
979 801 1126 840 caussis
1156 800 1261 840 ozatz's
1288 814 1406 854 super
1436 800 1698 841 conlrcwtibus
1727 801 1793 851 iis,

275 856 346 908 qui
373 870 491 910 neque
511 856 678 896 Athenis
705 856 784 896 sint
808 857 914 905 initi,
939 871 1056 910 neque
1086 863 1247 896 careant
1274 862 1316 896 nt
1343 870 1484 896 merces
1505 857 1681 898 Athenas
1707 871 1792 898 con-

277 918 485 960 vertentur,
508 913 719 953 concedant
740 913 834 966 Zesyes
856 913 1175 966 03301Ῥίὶ(>·)ιο]ὸι·ἱ
1196 913 1266 952 nti.
1300 912 1493 952 REISK.

335 968 429 1031 908,
455 969 492 1008 8.
526 973 753 1021 κατηγορεῖν
783 972 849 1008 τοῦ
881 971 1099 1019 διώκοντος]
1136 968 1192 1008 H.
1218 983 1252 1008 0.
1281 969 1619 1020 παραγράφεσθαι.
1685 969 1792 1010 Nam

277 1024 347 1077 qui
375 1026 613 1079 παραγραφή
644 1039 715 1064 5011
746 1025 992 1088 exceptione
1018 1024 1165 1078 judicii
1195 1025 1461 1065 declinatriee
1492 1026 1704 1074 utebatur,
1723 1026 1793 1079 jus

277 1080 393 1133 plius
423 1080 574 1132 agendi
604 1081 787 1121 habebat
819 1086 861 1121 et
894 1081 952 1120 510
986 1095 1061 1134 pro
1095 1095 1165 1120 100
1198 1085 1317 1121 actor
1349 1086 1392 1121 et
1424 1080 1542 1134 quasi
1573 1086 1794 1122 aecusator

277 1136 418 1177 fiebat.
453 1137 702 1177 SEAQER
727 1137 1033 1177 Dia1.(¹lassi0.
1059 1146 1188 1191 59.p.
1215 1148 1304 1191 105.

336 1195 430 1246 9,οὸ
459 1206 520 1245 15.
555 1194 672 1256 φασι]
703 1193 1122 1247 Compiehenduntur
1151 1207 1322 1233 numero
1353 1193 1502 1247 plulali
1535 1208 1627 1232 cum
1660 1194 1793 1233 Phor-

277 1248 414 1288 mione
441 1263 512 1288 100
541 1250 629 1302 ejus
657 1250 848 1289 advocati
878 1254 920 1289 et
948 1254 1090 1298 testes,
1115 1249 1359 1302 quibuscum
1390 1264 1538 1290 caussa
1568 1250 1793 1290 communi-

279 1309 411 1344 catur.
445 1305 638 1344 REJsK.

335 1362 429 1414 908.
462 1374 525 1401 20.
565 1361 909 1415 ἀμφοτερόπλουν]
949 1361 1062 1401 Hinc
1098 1361 1203 1409 illue,
1246 1360 1354 1401 illinc
1394 1362 1485 1409 hue,
1525 1366 1573 1401 ut
1609 1362 1792 1401 Athenis

278 1416 522 1470 Bosporum,
556 1417 744 1471 Bosporo
774 1417 977 1463 Athenas.
1011 1418 1087 1457 1100
1119 1422 1194 1465 est,
1227 1422 1275 1457 ut
1304 1417 1480 1471 pecunia
1512 1418 1695 1457 Athenis
1726 1432 1793 1458 ac-

278 1478 401 1527 cepta
436 1474 674 1527 negotietur
708 1473 883 1527 Bospori
920 1474 1099 1527 indeque
1132 1488 1322 1514 reversus
1355 1474 1548 1514 Athenas
1584 1474 1717 1514 solvat
1750 1479 1794 1515 et

277 1534 433 1570 sortem
469 1535 512 1570 et
547 1545 707 1570 usuras,
752 1532 1003 1580 ἑτερόπλοιον
1039 1530 1160 1570 11111115
1197 1535 1365 1570 tantum
1400 1530 1477 1569 loci
1512 1529 1793 1570 conditionem

277 1585 417 1626 habet.
482 1587 530 1625 In
566 1587 643 1626 hac
679 1586 869 1626 oratione
904 1586 1102 1626 Phormio
1139 1587 1464 1638 ἀμφοτερόπλουν
1499 1590 1715 1626 mutuatus
1749 1601 1793 1626 50

278 1643 529 1692 ἑτερόπλοιον
554 1642 782 1682 reddidisse
807 1644 962 1693 fingere
993 1642 1160 1691 dieitur,
1184 1647 1403 1682 numerata
1431 1642 1587 1682 scilicet
1612 1646 1654 1682 et
1680 1647 1793 1683 sorte

277 1702 320 1737 et
341 1698 475 1737 usuris
499 1698 685 1752 Bospori,
709 1713 802 1737 eum
826 1698 1007 1738 Athenis
1029 1699 1193 1738 demum
1217 1698 1259 1737 id
1280 1699 1513 1738 faciendum
1536 1703 1645 1738 esset
1667 1698 1791 1738 inter-

278 1753 415 1807 imque
449 1754 517 1795 illa
550 1755 725 1808 pecunia
759 1755 795 1794 ei
831 1754 911 1793 frui
947 1754 1144 1794 licuisset.
1186 1754 1376 1793 WOLF.
1443 1756 1491 1793 V.
1525 1754 1665 1794 Reisk.
1699 1754 1790 1794 Ind.

278 1810 511 1851 Graecitat.
574 1811 643 1850 Ad
680 1812 1006 1861 ἀμφοτερόπλουν
1042 1810 1217 1851 subaudi
1257 1811 1423 1858 δάνειον,
1461 1811 1571 1863 quod
1607 1810 1713 1850 latet
1748 1810 1791 1850 in

279 1867 402 1905 verbo
440 1867 635 1906 ἐδάνεισα.
700 1867 751 1906 V.
794 1867 1104 1919 I*Ia1·1‡›ocrati011
1140 1881 1171 1906 5.
1199 1866 1240 1906 11.
1269 1882 1305 1906 V.
1346 1881 1367 1906 0
1403 1881 1484 1920 (1110
1523 1866 1792 1920 corrigendus

278 1922 465 1962 Zonaras
488 1939 526 1977 p.
553 1934 638 1976 157.
674 1923 923 1963 SUHAEF.

335 1981 428 2032 908,
456 1992 519 2019 21.
549 1981 610 2019 ἐπὶ
641 1979 749 2032 ἑτέρα
776 1978 810 2030 γ’
833 1979 1020 2034 ὑποθήκῃ]
1046 1980 1205 2033 Magna
1230 1979 1338 2019 inest
1361 1978 1584 2018 difficultas
1606 1993 1641 2018 v.
1668 1978 1791 2032 ἑτέρᾳ,

278 2049 403 2087 quam
434 2036 589 2074 dudum
621 2035 750 2075 sensit
784 2035 975 2075 Valesius
1007 2035 1230 2075 Emendat.
1264 2050 1302 2088 p.
1328 2049 1430 2085 104:
1463 2035 1535 2074 sed
1567 2034 1669 2075 satis
1701 2049 1791 2088 per-

277 2091 417 2143 spicue
446 2105 527 2130 non
557 2091 789 2144 explicavit.
852 2091 1046 2144 Suspicor
1067 2096 1208 2131 tamen
1236 2091 1341 2131 hanc
1371 2105 1459 2130 0550
1487 2090 1674 2130 vocabuli
1697 2090 1789 2139 vim,

278 2146 553 2199 Chrysippum
584 2147 826 2186 Phormioni
855 2147 1092 2186 foenebrem
1124 2147 1343 2201 pecuniam
1375 2147 1555 2187 elocasse
1587 2147 1649 2186 ἐπὶ
1682 2146 1793 2200 ἑτέρα

277 2204 445 2252 τοσαύτῃ
485 2203 667 2253 ὑποθήκῃ,
705 2203 899 2256 apposito
938 2203 1121 2256 pignore,
1160 2204 1270 2256 qnod
1311 2208 1420 2243 esset
1455 2202 1592 2242 valore
1631 2216 1709 2255 par
1749 2207 1792 2242 et

276 2258 448 2311 aequale
484 2259 681 2311 pecuniae
714 2263 860 2298 mutuo
893 2259 1090 2299 creditae.
1154 2259 1247 2299 Non
1283 2259 1393 2299 enim
1430 2258 1620 2297 solebant
1654 2259 1790 2298 foene-

277 2319 439 2354 ratores
467 2315 688 2354 mercatori
711 2315 877 2354 credere
904 2314 982 2354 nisi
1013 2320 1159 2355 eontra
1180 2315 1340 2369 pignus.
1401 2314 1565 2353 Ambae
1587 2313 1678 2353 illae
1705 2328 1789 2353 sor-

276 2374 353 2417 tes,
376 2370 509 2410 altera
535 2371 765 2418 creditoris,
788 2371 921 2411 altera
943 2371 1142 2411 debitoris
1164 2371 1344 2424 propria,
1368 2369 1559 2410 collocari
1581 2369 1792 2410 debebant

276 2426 317 2465 in
348 2426 552 2466 mercibus
585 2432 845 2466 mercaturae
877 2426 1060 2479 periculo
1095 2426 1418 2474 committendis.
1450 2430 1494 2465 et
1524 2426 1602 2465 hae
1632 2440 1790 2466 merces

276 2481 345 2522 illa
367 2482 543 2522 duarum
570 2483 744 2523 sortium
773 2483 1060 2522 commissione
1082 2488 1351 2536 comparatae
1380 2486 1501 2522 erant
1525 2481 1567 2520 in
1585 2482 1678 2535 jure
1704 2496 1788 2522 cre-

276 2538 435 2584 ditoris.
458 2543 505 2578 ut
531 2544 606 2578 aut
633 2539 768 2578 munis
790 2553 840 2578 ex
868 2553 1010 2578 earum
1032 2539 1266 2579 venditione
1293 2537 1476 2578 redactis
1502 2551 1573 2577 aes
1601 2537 1789 2578 debitum

275 2609 301 2634 a
332 2599 564 2634 mercatore
598 2595 765 2634 domum
798 2609 963 2635 reverso
995 2595 1234 2643 dilueretur,
1266 2599 1340 2634 aut
1369 2594 1472 2634 alias
1504 2593 1544 2632 in
1576 2598 1788 2647 potestate

276 2651 494 2690 ereditmis
516 2665 672 2690 11101005
693 2666 718 2691 11
740 2651 927 2690 debit01e
948 2651 1147 2691 advectae
1170 2655 1321 2691 essent.
1384 2650 1601 2689 Intendnm
1623 2663 1788 2703 quoque

275 2706 486 2746 debitoies
520 2708 670 2747 fundos
703 2707 944 2755 immobiles,
980 2708 1154 2758 ἐγγείους
1190 2706 1394 2755 ὑποθήκας,
1426 2706 1693 2768 opponebant
1728 2705 1787 2759 pi-

273 2763 405 2816 gnori.
414 2788 464 2793 —-
496 2763 604 2803 Olim
640 2763 741 2803 haec
782 2763 1039 2816 scripseram.
1112 2762 1387 2802 Postmodum
1422 2761 1537 2814 coepi
1573 2761 1785 2814 suspicari,

275 2819 474 2859 vocabulo
507 2820 618 2873 ἑτέρα
646 2819 893 2859 tantundem
925 2818 1147 2872 signifieali
1178 2822 1304 2872 atque
1333 2817 1366 2857 51
1396 2817 1569 2857 dixisset
1599 2819 1712 2857 ὁποία
1742 2817 1787 2867 δή

275 2891 349 2914 τινι
376 2876 456 2923 οὖν,
479 2875 525 2924 ἣν
548 2879 616 2915 νῦν
642 2876 708 2915 οὐκ
731 2875 853 2915 ἐθέλω
883 2875 1094 2925 ὀνομάζειν.
1127 2875 1295 2928 pigmore
1325 2874 1448 2913 neseio
1478 2888 1562 2927 quo,
1594 2873 1657 2912 nil
1683 2858 1786 2912 einim

274 2944 377 2970 manc
409 2945 531 2983 mque
556 2932 676 2984 jurat
710 2945 828 2984 neque
865 2931 983 2984 reffert
1019 2945 1045 2970 α
1076 2944 1134 2970 me
1167 2930 1214 2970 id
1246 2930 1550 2970 commemorari.
1612 2928 1785 2968 Induxit
