1925 3215
817 806 923 850 LX.

456 958 784 1010 ORATIO
842 956 1290 1007 FUNEBRIS.

332 1267 383 1306 A.
406 1267 871 1308 WESTERMANNI
903 1266 1409 1308 PROLEGOMENAa.

176 1355 487 1395 DEMOSTHENEM
515 1360 611 1410 post
644 1370 826 1410 pugnam
857 1357 911 1396 ad
933 1356 1219 1396 Chaeroneam
1243 1354 1306 1394 Ol.
1331 1368 1420 1401 110,
1443 1366 1482 1406 3.
1505 1368 1530 1394 a
1560 1368 1631 1407 po-

116 1412 214 1466 pulo
244 1411 521 1452 constitutum
555 1412 789 1453 orationem
816 1413 1031 1453 funebrem
1063 1411 1258 1451 habuisse
1291 1410 1412 1450 testis
1448 1410 1534 1464 ipse
1567 1414 1632 1449 est

116 1468 159 1508 in
186 1483 247 1507 01¹.
271 1469 321 1508 de
344 1468 509 1508 Corona
540 1483 579 1522 p.
608 1482 703 1523 320.
738 1471 885 1509 Πολλὰ
923 1469 984 1508 καὶ
1021 1470 1123 1507 καλὰ
1162 1469 1223 1507 καὶ
1258 1467 1414 1518 μεγάλα
1447 1467 1470 1516 ἡ
1502 1467 1630 1510 πόλις,

117 1525 299 1576 Αἰσχίνη,
324 1526 385 1564 καὶ
406 1526 611 1576 προείλετο
645 1526 707 1565 καὶ
739 1526 970 1575 κατώρθωσε
992 1523 1036 1564 δι’
1057 1526 1158 1573 ἐμοῦ,
1182 1525 1235 1562 ὧν
1256 1523 1322 1562 οὐκ
1344 1523 1628 1572 ἠμνημόνησεν.

117 1585 280 1631 σημεῖον
302 1581 355 1620 δέ·
388 1585 625 1633 χειροτονῶν
652 1583 727 1632 γὰρ
755 1583 774 1621 ὁ
807 1585 923 1631 δῆμος
955 1580 1020 1620 τὸν
1043 1578 1188 1630 ἐροῦντ’
1209 1580 1272 1619 ἐπὶ
1299 1583 1379 1620 τοῖς
1409 1584 1632 1627 τετελευτη-

118 1638 205 1676 κόσι
232 1635 320 1687 παρ’
339 1637 436 1676 αὐτὰ
463 1639 511 1676 τὰ
536 1638 744 1687 συμβάντα
773 1638 816 1677 οὐ
848 1639 894 1676 σὲ
926 1637 1201 1689 ἐχειροτόνησε
1230 1634 1522 1686 προβληθέντα,
1551 1635 1631 1673 καί·

116 1709 188 1744 περ
211 1694 389 1744 εὔφωνον
410 1694 518 1740 ὄντα,
547 1694 634 1733 οὐδὲ
665 1693 866 1744 Δημάδην,
890 1694 974 1744 ἄρτι
1000 1693 1235 1742 πεποιηκότα
1262 1691 1333 1740 τὴν
1355 1690 1521 1741 εἰρήνην,
1551 1689 1628 1729 οὐδ’

114 1747 334 1800 (Ηγήμονα,
358 1748 434 1788 οὐδ’
450 1750 577 1789 ἄλλον
597 1751 702 1799 ὑμῶν
725 1749 877 1797 οὐδένα,
896 1748 984 1789 ἀλλ’
1005 1748 1084 1798 ἐμέ.
1105 1766 1137 1787 κ.
1154 1765 1187 1787 τ.
1205 1747 1405 1787 λ.-Εἶτα
1428 1747 1491 1786 καὶ
1511 1763 1631 1797 προσ-

114 1804 222 1854 ήκειν
246 1805 530 1855 ὑπελάμβαιόν
557 1805 626 1845 τὸν
653 1805 798 1856 ἐροῦντ’
823 1806 885 1845 ἐπὶ
913 1809 994 1846 τοῖς
1025 1804 1321 1853 τετελευτηκόσι
1349 1804 1409 1842 καὶ
1436 1804 1506 1852 τὴν
1534 1803 1630 1842 ἐκεί-

116 1877 194 1900 νων
210 1861 349 1912 ἆρετὴν
368 1861 618 1910 κοσμήσοντα
637 1861 723 1911 μήθ’
740 1862 976 1912 ὁμωρόφιον,
995 1859 1080 1910 μήθ’
1101 1861 1348 1909 ὁμόσπονδον
1364 1858 1630 1910 γεγενημένον

116 1916 215 1956 εἶναι
228 1921 307 1958 τοῖς
320 1917 414 1964 πρὸς
431 1918 601 1958 ἐκείνους
618 1917 964 1967 παραταξαμένοις,
979 1915 1062 1966 μηδ’
1082 1917 1163 1955 ἐκεῖ
1176 1917 1249 1965 μὲν
1264 1914 1449 1964 κωμάζειν
1467 1915 1529 1954 καὶ
1544 1931 1630 1953 παι-

115 1974 262 2020 ωνίζειν
281 1973 343 2012 ἐπὶ
362 1976 446 2013 ταῖς
462 1977 537 2012 τῶν
550 1971 757 2023 Ελληιων
775 1977 993 2024 συμφοραῖς
1013 1974 1110 2022 μετὰ
1127 1975 1203 2011 τῶν
1220 1971 1458 2023 αὐτοχείρων
1474 1973 1542 2009 τοῦ
1559 1972 1630 2021 φό-

116 2045 197 2074 νου,
220 2031 331 2079 δεῦρο
354 2027 383 2068 δ’
404 2029 571 2068 ἐλθόντα
592 2032 787 2078 τιμᾶσθαι,
811 2030 907 2078 μηδὲ
929 2031 972 2078 τῇ
996 2030 1105 2082 φωιη
1128 2028 1303 2078 δακρύειν
1324 2028 1630 2077 ὑποκρινόμενον

115 2101 184 2134 την
202 2085 360 2124 ἐκείνων
376 2086 508 2155 τύχην,
528 2086 633 2124 ἀλλὰ
650 2101 695 2139 τῃ
712 2087 821 2139 ψυχη
841 2088 1068 2135 συναλγεῖν
1112 2087 1223 2123 τοῦτο
1246 2082 1275 2122 δ’
1294 2084 1423 2133 ἑώρων
1439 2081 1526 2133 παρ’
1544 2083 1629 2122 ἑαυ-

115 2143 195 2182 τοῖς
217 2140 280 2180 καὶ
306 2139 393 2191 παρ’
414 2141 510 2190 εμοὶ,
534 2157 638 2191 παρα
666 2140 695 2180 δ’
715 2143 804 2190 ὑμῖν
826 2142 881 2180 οὕ.
932 2143 993 2180 δια
1021 2138 1124 2179 ταυτ’
1144 2141 1211 2189 ἐμὲ
1241 2140 1544 2191 ἐχειροτόνησαν
1568 2139 1630 2178 καὶ

115 2197 187 2248 οὐχ
219 2197 326 2245 ὑμᾶς.
377 2197 438 2236 καὶ
472 2197 544 2249 οὐχ
578 2199 598 2236 ὁ
631 2198 704 2246 μὲν
735 2199 851 2246 δῆμος
884 2198 1015 2241 οὕτως,
1051 2197 1087 2235 οἱ,
1120 2197 1161 2235 δὲ
1191 2199 1268 2234 τῶν
1298 2195 1630 2244 τετελευτηκότων

115 2251 277 2303 πατέρες
309 2252 370 2292 καὶ
402 2253 568 2304 ἀδελφοὶ
599 2253 673 2292 ὑπὸ
706 2257 772 2292 τοῦ
805 2252 924 2303 δήμου
955 2251 1036 2292 τόθ’
1059 2251 1277 2303 αἱρεθέντες
1311 2252 1373 2290 ἐπὶ
1403 2253 1471 2292 τὰς
1501 2252 1629 2301 ταφὰς

115 2309 246 2350 ἄλλως
272 2325 364 2355 πως,
395 2309 501 2348 ἀλλὰ
527 2308 617 2348 δέον
641 2313 767 2349 ποιεῖν
794 2309 930 2350 αὐτοὺς
960 2308 1003 2347 τὸ
1032 2311 1280 2358 περίδειπνον
1306 2307 1354 2348 ὡς
1381 2305 1469 2357 παρ’
1493 2308 1628 2346 οἰκειο-

115 2364 214 2417 τάτῳ
231 2368 307 2403 τῶν
322 2366 664 2415 τετελευτηκότων,
681 2367 813 2416 ὥσπερ
830 2363 942 2404 τᾶλλ’
959 2366 1069 2404 εἴωθε
1088 2365 1307 2415 γίγνεσθαι.
1323 2362 1421 2402 τοῦτ’
1439 2363 1628 2411 ἐποίησαν

115 2419 201 2470 παρ’
222 2421 315 2470 εμοί.
367 2422 532 2462 εἰκότως·
566 2421 673 2472 γένει
697 2423 770 2470 μὲν
790 2438 864 2472 γαρ
887 2421 1049 2462 ἕκαστος
1073 2420 1222 2472 ἑκάστῳ
1244 2422 1400 2469 μᾶλλον
1421 2420 1560 2459 οἰκεῖος
1580 2417 1627 2467 ἡν

117 2476 222 2525 ἐμοῦ,
250 2477 355 2524 κοινῇ
385 2477 426 2514 δὲ
454 2479 576 2515 πᾶσιν
607 2477 731 2518 οὐδεὶς
763 2477 969 2541 εγγυτέρω·
1003 2475 1031 2530 ᾦ
1061 2493 1136 2527 γαρ
1166 2476 1336 2516 ἐκείιους
1364 2477 1494 2522 σωθηι
1499 2490 1537 2512 αι
1567 2474 1628 2512 καὶ

117 2534 359 2581 κατορθῶσαι
383 2530 557 2580 μάλιστα
585 2532 778 2583 διέφερεν,
801 2534 912 2574 οὗτος
941 2533 1003 2571 καὶ
1023 2533 1228 2571 παθόντων
1250 2532 1274 2570 δι
1294 2547 1377 2580 μη
1366 2546 1439 2568 ποτ
1440 2528 1628 2579 ὤφελον

115 2590 180 2636 τῆς
200 2589 250 2626 ὑπ
239 2588 296 2637 ὲρ
319 2586 502 2626 ἁπάντωι
522 2589 585 2626 λύι
575 2604 677 2635 πης
666 2593 857 2627 πλεῖστον
877 2605 948 2638 μετ
953 2592 1071 2640 εῖχεν.

174 2642 248 2692 Qu
241 2656 289 2682 Le
311 2641 344 2680 si
366 2656 459 2681 eum
490 2642 580 2695 ἰΡΞῑ
601 2643 792 2683 oratione
813 2658 1045 2697 compalas,
1070 2656 1175 2696 quae
1202 2641 1312 2680 inter
1334 2640 1627 2679 Demostheni-

116 2712 184 2737 (τῆς
213 2698 348 2737 fer-tm
372 2697 482 2746 LX„
506 2712 589 2737 non
618 2698 770 2738 milum
793 2700 882 2752 jam
912 2700 1069 2739 dudum
1091 2711 1199 2737 VllOS
1227 2695 1488 2736 doetissimos
1520 2696 1627 2734 hano

115 2768 275 2793 summo
311 2758 477 2793 omtore
513 2753 726 2808 indionam
759 2755 982 2807 judicasse.
1046 2755 1112 2794 Ac
1140 2757 1324 2792 veterum
1352 2751 1517 2805 quidem
1545 2751 1626 2790 De-

115 2808 324 2849 mostheni
355 2809 613 2863 epitaphium
644 2811 939 2864 abjudicarunt
972 2809 1198 2862 Dionysius
1227 2807 1366 2847 Halia.
1397 2807 1446 2847 de
1476 2806 1625 2846 admir.

185 2945 202 2962 a
221 2938 389 2977 Leguntur
404 2938 438 2967 in
455 2938 687 2976 Quaestionum
704 2939 868 2969 Demosth.
888 2937 1049 2968 Particula
1067 2936 1113 2966 ΙΙ.
1131 2935 1234 2976 (Lips.
1250 2933 1358 2974 1831.)
1374 2945 1403 2974 p.
1422 2943 1560 2975 49—70.
