1935 3200
300 135 403 173 1464

345 235 438 280 apud
461 236 551 268 cives
577 235 790 274 auctoritate,
809 246 913 280 quem
930 234 1022 268 fruc-

344 287 420 315 tum
453 281 532 315 tulit
563 281 802 315 familiaritatis
832 293 912 315 cum
947 281 1023 314 Pla-

344 333 426 360 tone
447 335 547 371 1415,
562 338 594 371 9.

299 373 521 412 Arethusius,
555 374 659 406 frater
692 373 894 413 Nicostrati,
923 384 1025 418 quem

347 419 456 452 oratio
474 431 506 463 p.
526 418 613 460 1246
631 431 682 464 3(1.
697 419 899 452 insectatur.

300 466 469 509 Argaeus,
497 465 552 498 0111
581 465 810 498 Athenienses
840 464 1027 498 studebant

347 517 379 544 et
406 517 542 555 praesto
568 517 665 544 erant
691 522 772 544 cum
797 511 958 554 Philippo
985 510 1027 543 de

346 569 454 601 regno
474 557 702 590 Macedonico
716 558 860 591 certanti
878 556 957 595 660,
973 556 1026 589 16.

300 603 424 647 Argivi
450 615 614 646 magnam
639 615 720 647 erga
746 603 786 636 P.
804 603 848 636 A.
875 603 1027 636 exsules-

348 661 414 694 que
443 661 462 682 a
491 649 594 682 XXX
621 649 777 693 tyrannis
804 654 941 682 exactos
969 648 1027 681 de-

347 701 588 728 monstrarunt
605 695 892 735 benevolentiam,
910 700 943 727 et
962 694 1026 727 La-

349 741 579 774 cedaemoniis
598 752 655 774 eos
673 741 716 774 ad
740 741 950 785 supplicium
968 740 1026 774 de—

348 787 573 831 poscentibus
607 786 740 820 tradere
773 787 938 820 nolebant
964 785 1027 830 196

347 845 426 878 pen.
477 834 689 877 Argivorum
723 833 829 866 dediti
868 832 1028 876 Philippo

348 879 574 913 nominantur
592 891 624 923 p.
643 890 723 923 324,
742 891 774 923 9.
794 888 873 922 425,
892 891 924 920 4.

302 926 418 969 Argos
440 934 538 970 1237,
554 936 606 959 10.
633 926 819 970 Argolicus
833 925 930 958 sinus
945 923 1026 958 ibid.

303 1018 454 1062 Argura,
462 1017 630 1061 oppidum
644 1017 817 1055 Euboeae,
827 1017 888 1050 ubi
899 1016 1028 1050 Athen.

350 1075 474 1108 parum
493 1075 654 1107 prospere
679 1068 882 1108 pugnarunt
899 1063 978 1107 558,
997 1073 1029 1106 3.

351 1116 383 1143 et
406 1109 457 1143 16.
476 1109 555 1154 567,
574 1110 625 1142 18.

305 1156 570 1193 Ariobarzanes,
592 1155 735 1198 Satrapa
762 1154 890 1198 Lydiae
916 1161 948 1187 et
976 1154 1030 1187 Io-

352 1203 439 1241 niae,
472 1201 584 1234 deficit
610 1213 629 1233 a
654 1213 732 1245 rege
760 1201 944 1234 Persarum
969 1211 1030 1244 192

351 1249 414 1281 ult.
442 1259 462 1280 a
485 1247 681 1285 'l'imotheQ
708 1247 767 1291 (1111
795 1247 824 1280 01
850 1247 1033 1279 subvenire

349 1294 469 1338 jussus
496 1293 618 1332 fuerat,
643 1292 842 1326 destituitur
859 1292 942 1325 ibid.
961 1293 1034 1335 ipse

355 1351 435 1373 cum
459 1339 571 1372 tribus
597 1339 674 1372 filiis
700 1338 742 1371 ab
761 1338 1034 1371 Atheniensibus

355 1386 490 1419 civitate
509 1385 658 1418 donatur
676 1384 753 1423 666,
773 1385 824 1417 18.
844 1384 923 1428 687,
940 1394 994 1428 27.

309 1431 541 1465 Aristaechmi
555 1431 614 1464 filii
626 1442 785 1464 caussam
797 1431 903 1474 patris
916 1430 1036 1463 adver—

356 1490 417 1511 sus
447 1477 725 1510 Nausimachum
753 1482 785 1509 et
815 1476 1036 1520 Xenopithen

357 1524 490 1562 dicunt,
502 1535 652 1568 (1110111111
663 1523 805 1556 tutelam
819 1529 914 1566 pater
925 1534 1036 1567 quon-

357 1570 438 1603 dam
456 1576 609 1612 gesserat
627 1569 695 1613 984
714 1581 764 1614 sq.

310 1616 586 1653 Aristaechmus,
618 1616 734 1654 Eleus,
768 1614 924 1658 proditor
959 1625 1038 1658 324,

362 1673 413 1695 11.

311 1708 548 1747 Aristarchus,
577 1707 716 1740 Moschi
742 1706 845 1745 filius,
865 1706 977 1739 caedis
1003 1707 1038 1739 in

359 1753 552 1787 Nicodemo
571 1753 722 1797 quodam
748 1758 961 1796 perpetratae
985 1764 1040 1785 ac-

360 1806 512 1838 cusatur,
539 1811 683 1843 eamque
713 1799 748 1831 in
778 1810 937 1831 caussam
969 1798 1037 1831 De-

359 1845 558 1879 mosthenes
587 1856 724 1890 quoque
753 1845 882 1877 malitia
910 1843 1038 1877 Midiae

359 1892 556 1935 implicatur
580 1891 660 1935 548,
688 1902 740 1932 14.
775 1890 920 1932 (Midias
946 1890 1038 1923 enim

359 1949 537 1971 rumorem
558 1937 741 1981 spargebat
765 1936 1038 1969 Demosthenem

360 1983 563 2017 Aristarcho
585 1989 761 2016 auctorem
782 1982 889 2015 fuisse
914 1988 952 2015 ut
975 1982 1038 2015 Ni-

362 2030 558 2068 codemum,
588 2029 765 2062 hominem
794 2028 946 2067 Eubulo,
974 2028 1038 2061 ini-

361 2077 451 2109 mico
478 2075 738 2113 Demosthenis,
763 2073 931 2111 deditum,
950 2074 1039 2107 occi-

362 2122 467 2155 deret.
505 2121 637 2163 Schol.)
665 2119 785 2153 caedes
810 2120 867 2153 illa
896 2120 1039 2163 contigit

361 2174 441 2211 post
467 2168 601 2210 alapam
627 2178 645 2199 a
674 2166 784 2199 Midia
811 2165 1039 2198 Demostheni

361 2213 527 2246 inflictam
546 2222 624 2256 549,
638 2212 669 2245 6.
688 2212 723 2244 in
741 2224 773 2245 v.
793 2213 867 2244 τότε
887 2223 967 2244 011111
984 2213 1041 2244 νῦν

362 2270 465 2292 versu
483 2259 515 2291 8.
542 2258 702 2301 opposito
720 2266 798 2298 550,
821 2267 872 2291 10.
907 2257 942 2289 in
964 2256 1039 2289 τού-

362 2319 431 2339 τοις
447 2306 515 2338 τοῖς
532 2304 614 2346 μετὰ
631 2305 745 2335 ταῦτα.

317 2350 497 2387 Aristides,
531 2350 586 2382 ille
615 2349 757 2387 celeber,
785 2348 880 2381 Justi
910 2359 1039 2390 cogno-

362 2397 455 2430 mine
481 2396 606 2433 clarus,
631 2395 791 2427 salutaria
811 2400 844 2427 et
869 2395 1041 2437 praeclara

364 2441 533 2476 suadendi
564 2440 751 2473 studiosior
780 2451 883 2484 quam
912 2440 1041 2483 populo

364 2487 521 2532 placendi
554 2498 609 2531 34,
642 2497 694 2519 20.
738 2486 870 2529 justitia
903 2486 975 2529 ejus
1009 2491 1041 2518 et

365 2534 517 2579 aequitas
543 2534 577 2566 in
601 2532 835 2565 describendis
853 2531 990 2564 tributis
1009 2537 1041 2564 et

364 2580 544 2624 frugalitas
570 2580 604 2612 in
631 2579 762 2622 privata
782 2590 817 2610 re
844 2589 905 2610 sua
924 2577 1041 2610 dome-

365 2627 449 2660 stica
467 2626 544 2670 690,
565 2637 592 2658 1.
623 2625 779 2659 exsulare
800 2624 921 2668 jussus
948 2635 1041 2656 com-

364 2672 565 2706 morabatur
586 2671 619 2704 in
638 2670 772 2711 Aegina
789 2670 913 2708 insula,
934 2669 1042 2702 donce

365 2730 384 2751 a
401 2719 530 2762 populo
548 2722 765 2750 revocaretur
782 2717 860 2754 802,
879 2714 930 2748 16.

320 2764 499 2803 Aristides,
520 2763 561 2796 de
579 2763 671 2796 tribu
686 2761 851 2800 Oene'i'de,
866 2761 930 2794 fuit
947 2760 1043 2793 chori

366 2811 419 2844 sui
438 2809 662 2854 coryphaeus,
682 2807 841 2852 quamvis
859 2807 968 2850 capite
989 2806 1042 2839 su-

366 2856 448 2889 isset
465 2856 622 2888 minutus
640 2863 719 2897 533,
740 2864 794 2886 21.

320 2901 449 2940 Aristo,
475 2901 711 2944 Alopecensis,
740 2899 782 2932 ab
807 2898 1044 2942 Aristogitone

367 2958 408 2980 ex
445 2947 545 2980 titulo
581 2944 796 2986 βουλεύσεως
836 2945 1043 2988 postulatus,

740 135 908 172 INDEX
945 132 1264 170 HISTORICUS

1125 233 1219 278 quod
1245 244 1280 266 se
1299 232 1392 266 velut
1409 231 1590 270 aerarium,
1610 230 1669 275 qui
1686 229 1802 263 minus

1124 284 1225 318 esset,
1253 283 1449 312 accusasset
1477 285 1554 320 791,
1577 276 1631 310 26.
1667 275 1804 310 videtur

1125 325 1181 358 hic
1213 325 1330 358 Aristo
1371 329 1431 357 aut
1463 322 1712 356 Thesmotheta
1744 328 1804 355 aut

1126 376 1263 404 exactor
1281 370 1476 403 debitorum
1494 369 1568 402 fisci
1583 368 1701 401 fuisse.

1080 417 1209 456 Aristo,
1243 416 1302 461 qui
1337 415 1518 449 Cononem
1551 414 1735 448 verberum
1771 420 1805 447 et

1126 463 1312 496 vulnerum
1330 462 1372 495 ab
1390 473 1429 495 eo
1446 461 1658 494 inflictorum
1683 465 1804 504 postu-

1124 509 1207 542 lavit
1240 507 1327 550 1256
1354 519 1404 552 sq.
1443 507 1509 540 fuit
1541 517 1665 551 genere
1697 505 1805 539 nobili

1130 563 1218 599 1270
1235 566 1314 598 pen.

1079 601 1210 640 Aristo,
1237 600 1327 633 filius
1354 599 1517 639 Neaerae,
1538 599 1645 642 vulgo
1670 597 1803 643 quaesi-

1126 652 1183 680 tus
1206 647 1304 690 1358,
1324 658 1356 688 4.

1079 693 1271 726 Aristoclea
1287 691 1448 725 meretrix
1469 699 1568 735 1351,
1587 699 1639 732 15.

1080 736 1268 772 Aristocles
1320 737 1582 782 Myrrhinusius
1617 741 1692 769 tum
1733 741 1805 769 erat

1126 784 1296 828 proedrus
1315 790 1346 817 et
1364 784 1567 817 concionem
1585 782 1743 815 mittebat
1767 783 1804 815 in

1127 831 1303 874 suffragia,
1337 841 1417 863 cum
1448 829 1660 862 Timocrates
1692 829 1805 872 legem

1127 876 1169 910 de
1187 876 1333 910 vadibus
1357 875 1519 909 sistendis
1537 880 1569 908 et
1587 873 1805 918 acceptandis

1126 923 1228 956 ferret
1248 931 1325 966 723,
1342 933 1392 955 11.

1081 969 1268 1002 Aristocles
1289 968 1446 1006 Oeensis,
1465 966 1507 1000 ab
1526 965 1695 1010 Apaturio
1715 965 1805 999 arbi-

1128 1021 1179 1047 ter
1196 1014 1348 1047 delectus
1367 1014 1445 1058 897,
1464 1025 1494 1054 4.

1082 1061 1269 1094 Aristocles
1283 1059 1513 1098 Paeaniensis,
1521 1057 1744 1097 trierarchus,
1755 1063 1805 1091 te-

1131 1112 1241 1139 statur
1260 1105 1491 1139 Demostheni
1509 1104 1676 1137 adversus
1696 1103 1804 1137 Midi-

1131 1164 1185 1185 am
1204 1151 1284 1196 568,
1305 1163 1360 1196 23.

1085 1199 1314 1232 Aristocrates
1345 1203 1383 1230 ut
1410 1197 1517 1230 homo
1551 1196 1744 1229 dissolutus
1773 1201 1807 1229 et

1132 1244 1288 1288 perditus
1310 1249 1451 1277 notatur
1469 1251 1548 1286 571,
1564 1253 1620 1286 30.

1087 1291 1329 1329 Aristocrates,
1344 1289 1450 1322 homo
1468 1288 1544 1321 vilis
1563 1294 1595 1321 et
1611 1287 1806 1331 improbus,

1136 1336 1290 1369 Cononis
1317 1335 1444 1369 sodalis
1467 1334 1565 1378 1269,
1585 1333 1617 1367 6.
1640 1334 1702 1367 11111
1727 1345 1807 1368 011111

1134 1384 1317 1415 001110111111
1335 1382 1418 1415 vitio
1436 1381 1482 1413 ait
1499 1380 1685 1413 laborasse.

1089 1429 1332 1467 Aristocrates,
1351 1427 1491 1471 copiosa
1508 1432 1541 1459 et
1557 1426 1638 1459 forti
1656 1426 1809 1459 oratione

1136 1475 1374 1518 impugnatus,
1410 1485 1478 1518 qua
1518 1473 1604 1505 latae
1642 1471 1809 1505 adversus

1137 1526 1292 1554 tenorem
1315 1519 1402 1564 juris
1428 1518 1535 1552 Attici
1559 1518 1748 1561 rogationis
1773 1518 1809 1551 in

1137 1578 1176 1599 eo
1217 1572 1410 1605 accusatur,
1451 1564 1544 1609 quod
1588 1564 1809 1603 Chai-memo,

1136 1612 1269 1645 homini
1289 1611 1484 1656 peregrino,
1506 1610 1570 1644 civi
1594 1610 1735 1649 factitio,
1757 1622 1809 1643 re-

1139 1659 1307 1702 ipublicae
1337 1658 1461 1690 infesto
1489 1662 1521 1689 et
1551 1656 1810 1696 detrimentoso,

1138 1704 1358 1749 tyrannidem
1400 1703 1585 1741 affectanti,
1619 1702 1745 1736 nimios
1778 1708 1811 1735 et

1140 1751 1319 1794 pestiferos
1343 1749 1492 1782 honores
1516 1748 1723 1782 decrevisset
1743 1748 1807 1781 621

1140 1808 1190 1841 sq.

1094 1842 1323 1875 Aristocrates
1342 1841 1529 1875 Phalereus
1551 1841 1649 1884 1358,
1670 1849 1724 1884 27.
1756 1840 1812 1873 Fi-

1141 1889 1187 1921 eri
1212 1893 1335 1932 potest,
1354 1893 1392 1920 ut
1414 1887 1450 1919 hi
1471 1893 1620 1931 quatuor
1641 1886 1731 1919 tituli
1753 1891 1812 1919 aut

1141 1935 1255 1967 saltim
1278 1940 1346 1966 tres
1369 1933 1498 1977 priores
1525 1932 1674 1966 eundem
1698 1932 1812 1965 homi-

1141 1992 1221 2013 nem
1241 1980 1434 2023 designent.

1095 2027 1335 2064 Aristocrates,
1364 2025 1517 2064 Scelliae,
1540 2024 1720 2068 Epicharis
1746 2023 1812 2063 avi,

1142 2078 1298 2116 patruus,
1328 2071 1512 2104 evertenda
1540 2070 1714 2109 Eetionea‚
1745 2081 1813 2114 qua

1144 2119 1269 2152 Critiae
1319 2117 1479 2150 satellites
1522 2116 1812 2150 Lacedaemonios

1142 2164 1312 2207 recepturi
1333 2169 1440 2201 erant,
1463 2174 1575 2195 arcem
1596 2162 1736 2201 Piraeei,
1754 2173 1813 2194 ur-

1142 2210 1177 2243 bi
1195 2210 1325 2243 vicinae
1343 2209 1494 2248 noxiam,
1511 2208 1635 2241 delevit
1653 2214 1684 2240 et
1702 2219 1813 2251 popu-

1141 2257 1215 2288 lum
1241 2255 1378 2288 reduxit
1400 2265 1498 2297 1343,
1517 2266 1549 2294 4.
1584 2254 1716 2286 Verum
1741 2265 1813 2286 me-

1142 2301 1270 2334 moriae
1287 2312 1399 2333 errore
1421 2301 1558 2343 lapsum
1576 2299 1631 2333 hic
1649 2310 1723 2332 esse
1741 2299 1812 2332 De-

1142 2347 1373 2385 mosthenem,
1407 2346 1547 2389 triginta
1583 2344 1738 2389 tyrannis
1775 2356 1814 2378 ea

1143 2393 1364 2431 tribuentem,
1384 2403 1470 2436 quae
1493 2391 1559 2424 sub
1581 2391 1814 2434 quadringen-

1143 2439 1186 2471 tis
1210 2439 1417 2477 evcnissent,
1441 2437 1557 2471 docuit
1580 2437 1740 2470 Valesius
1766 2436 1813 2470 Ε-

1143 2484 1295 2517 mendat.
1314 2496 1347 2524 4,
1368 2493 1398 2527 7.

1098 2529 1353 2568 Aristodemus,
1369 2529 1500 2568 histrio,
1520 2528 1675 2573 proditor
1692 2537 1768 2572 150,
1783 2536 1814 2571 7.

1144 2577 1276 2620 primus
1303 2581 1423 2608 auctor
1449 2574 1722 2608 Atheniensibus
1749 2574 1815 2607 fuit

1145 2623 1237 2666 pacis
1265 2633 1345 2654 011111
1371 2621 1533 2665 Philippo
1562 2619 1816 2653 contrahendae

1147 2679 1225 2711 232,
1252 2668 1284 2700 8.
1313 2679 1392 2711 344,
1420 2678 1474 2700 21.
1503 2675 1582 2710 371,
1605 2675 1657 2707 15,
1692 2665 1816 2698 deinde

1145 2713 1381 2758 peragendum
1407 2713 1473 2746 hoc
1497 2711 1677 2755 negotium
1697 2711 1813 2744 Philo-

1146 2761 1228 2793 crati
1255 2765 1287 2792 et
1310 2758 1475 2792 Aeschini
1499 2757 1640 2791 tradidit
1665 2765 1744 2801 371,
1762 2764 1814 2799 17.

1146 2805 1266 2838 histrio
1291 2805 1356 2838 fuit
1380 2805 1531 2847 tragicus
1556 2803 1635 2845 418,
1653 2803 1685 2835 S.
1711 2802 1815 2835 rebus

1147 2851 1295 2894 Philippi
1314 2851 1356 2884 ad
1375 2851 1496 2883 incitas
1514 2849 1671 2887 redactis,
1690 2848 1731 2881 ab
1750 2847 1816 2880 hoc

1146 2898 1325 2930 immissus
1348 2902 1399 2930 est
1421 2894 1704 2932 Atheniensibus,
1729 2905 1816 2938 quos.

1146 2943 1341 2976 hortaretur
1358 2942 1399 2976 ad
1418 2953 1535 2986 pacem
1555 2951 1620 2982 442
1640 2940 1701 2973 ult.
