1935 3200
274 97 374 142 1474

315 198 356 232 iis
397 211 457 243 per
495 205 742 233 testamentum
777 200 997 234 constituerit

316 244 395 285 811,
416 246 436 278 8
455 256 519 290 sqq

272 290 527 324 Demosthenes
553 296 679 331 orator,
698 291 790 324 illius
814 291 919 332 filius,
938 303 996 336 ge-

318 337 449 369 minam
475 348 494 369 a
518 337 556 370 P.
576 337 617 370 A.
637 337 716 370 tulit
747 348 909 370 coronam
937 349 997 371 au-

319 394 424 421 ream,
449 383 590 416 alteram
616 389 760 427 rogante
786 383 997 423 Aristonico,

318 429 461 461 alteram
480 427 705 472 Ctesiphonte
725 439 802 473 253,
818 441 850 470 4.
884 429 920 462 in
940 441 997 462 ex-

320 473 494 518 peditione
524 474 681 508 Euboica
713 475 879 508 adversus
906 475 998 508 The-

319 520 429 553 banos
452 531 487 553 se
510 520 617 554 fuisse
639 521 685 553 ait
709 520 744 553 in
771 532 916 554 numero
939 521 997 554 tri-

321 565 542 600 erarchorum
591 567 741 606 illorum,
790 567 849 612 qui
897 566 1000 610 primi

321 618 444 655 sponte
468 623 530 645 sua
553 612 816 646 trierarchatum
839 624 999 656 suscepe-

322 663 404 691 runt
430 667 507 702 259,
529 669 581 702 13.
622 659 734 703 legem
761 658 802 691 de
831 659 999 692 classibus

323 716 384 737 seu
402 704 717 737 consociationibus
735 705 886 748 pertulit,
905 704 999 737 ideo-

323 762 389 794 que
411 756 604 791 accusatus,
624 756 736 783 actore
758 750 999 790 condemnato,

323 796 503 829 absolutus
521 796 584 829 fuit
605 795 682 836 260,
698 796 750 829 18.
786 796 943 830 Diondas
959 796 1000 829 de

324 842 435 886 prima
467 854 596 875 corona
633 854 736 875 aurea
771 842 1000 876 Demostheni

324 889 593 921 controversiam
612 899 691 921 cum
708 888 885 928 movisset,
901 900 999 922 caus-

325 946 363 967 sa
381 934 503 967 cecidit
520 945 600 978 302,
616 943 667 976 15.
698 940 782 979 quot
799 935 927 978 patriae
945 946 999 967 so-

325 980 396 1013 cios
414 986 446 1013 et
464 986 608 1025 quantas
634 980 852 1025 militumque
875 992 999 1013 numo-

324 1037 472 1070 rumque
497 1027 612 1070 copias
639 1026 801 1065 consiliis,
819 1027 998 1070 legationi-

325 1072 404 1111 bus,
444 1072 567 1105 studiis
609 1072 826 1115 compararit,
866 1078 1001 1105 enarrat

325 1127 404 1160 305,
420 1129 460 1159 14
479 1130 529 1161 sq.
565 1130 683 1151 curam
701 1118 807 1162 gessit
824 1119 1001 1151 moenium

325 1163 595 1207 reparandorum
610 1170 642 1197 et
654 1163 833 1197 coemendi
847 1164 1000 1196 fruinen-

325 1210 349 1242 ti
363 1215 439 1253 post
454 1210 622 1253 proelium
635 1209 676 1242 ad
686 1209 921 1242 Chaeroneam
934 1221 1000 1254 309

326 1267 403 1299 pen.
422 1266 502 1299 310,
522 1267 552 1288 2.
594 1256 750 1289 nominat
775 1255 1000 1292 adversarios,

325 1301 535 1346 quibuscum
555 1301 619 1334 sibi
640 1301 681 1334 ad
701 1313 808 1345 remp.
827 1301 1002 1335 accedenti

326 1347 529 1380 certandum
554 1348 675 1380 fuisset
700 1359 779 1392 310,
798 1359 830 1391 9.
866 1348 1002 1391 saepius

325 1405 345 1426 a
362 1394 470 1437 patria
488 1393 697 1438 Graecisque
715 1394 787 1426 aliis
806 1393 1001 1427 civitatibus

326 1451 471 1472 coronas
490 1451 609 1473 aureas
628 1440 706 1472 tulit
724 1451 803 1483 313,
821 1451 851 1472 2.
881 1439 1001 1473 lauda-

326 1486 454 1519 tionem
473 1486 653 1519 funebrem
676 1485 786 1519 dicere
808 1486 928 1529 jussus
952 1491 1003 1519 est

326 1532 361 1564 in
402 1532 523 1565 funere
563 1532 703 1575 publico
742 1543 920 1565 caesorum
959 1531 1002 1564 ad

328 1578 565 1610 Chaeroneam
584 1589 652 1621 320
669 1579 730 1611 ult.
766 1589 853 1622 quae
876 1583 1001 1610 exstet-

327 1635 369 1656 ne
387 1623 499 1661 hodie,
518 1635 580 1656 nec
599 1636 652 1663 ne,
671 1623 861 1657 dubitatur.
896 1624 930 1656 in
950 1636 1002 1656 se-

328 1669 442 1702 cunda
458 1670 628 1713 legatione
645 1669 688 1702 ad
706 1669 904 1713 Philippum
924 1681 1002 1713 cap-

327 1716 416 1748 tivos
435 1715 664 1748 Athenienses
685 1727 759 1748 aere
778 1727 841 1749 suo
859 1715 1003 1748 redemit

328 1772 477 1805 393,11.
520 1761 626 1794 tribui
658 1773 739 1794 suae
769 1761 918 1804 chorego
948 1773 1003 1794 ca-

328 1808 417 1840 renti
443 1807 632 1851 choregum
663 1808 753 1840 ultro
780 1819 815 1840 se
840 1808 1005 1840 offerebat

328 1853 428 1886 tertio
469 1865 560 1886 anno
603 1859 681 1886 ante
725 1865 829 1898 quam
875 1853 1005 1886 Midiae

330 1899 421 1932 diem
447 1899 573 1932 diceret
597 1900 662 1941 518
687 1911 765 1943 pen.
805 1899 1004 1933 adolescen-

328 1946 423 1978 tulus
449 1951 532 1985 erat,
554 1957 663 1990 (pium
692 1952 823 1979 tutores
849 1945 890 1978 de
917 1947 1005 1978 male

329 1997 426 2035 gesta
443 1992 549 2024 tutela
566 1998 741 2024 accusaret
758 2002 837 2035 539,
852 2002 905 2035 23.
925 2002 1004 2035 541,

330 2038 362 2070 8.
394 2038 580 2080 legationes
599 2049 617 2070 a
636 2049 670 2070 se
687 2037 797 2071 obitas
815 2043 1004 2077 enumerat,

330 2095 415 2127 quas
436 2095 556 2116 omnes
583 2083 648 2116 sibi
674 2095 835 2126 prospere
858 2086 904 2116 ait
930 2096 1005 2116 eve-

330 2129 423 2161 nisse
440 2130 518 2172 308,
532 2139 583 2161 10.
614 2129 668 2162 bis
687 2129 729 2162 ad
745 2129 945 2173 Philippum
959 2130 1005 2162 le-

331 2175 468 2217 gatione
486 2175 626 2207 functus
645 2181 695 2207 est
713 2175 791 2226 406,
806 2186 859 2216 24.
900 2187 1006 2218 pavor

331 2201 364 2252 et
386 2220 521 2253 animus
545 2220 691 2253 imbellis
718 2221 782 2264 ipsi
808 2227 859 2253 est
884 2232 1005 2264 expro-

333 2266 451 2298 bratus
475 2275 624 2309 403,17.
645 2277 760 2309 409,
744 2275 797 2309 27.
832 2266 962 2309 primos
988 2278 1007 2298 a

334 2311 492 2355 Philippo
521 2312 646 2344 missos
676 2313 714 2344 10
708 2318 806 2355 ratos
835 2311 879 2344 ad
910 2323 1006 2354 spem

333 2369 425 2400 paels
467 2357 737 2390 Atheniensibus
788 2357 1006 2401 injiciendam

333 2403 514 2444 magnifice
540 2403 668 2446 accepit
694 2414 843 2444 414,10.
883 2402 1006 2435 deserti

333 2449 464 2482 ordinis
499 2449 540 2481 ab
566 2449 778 2481 Euctemone
807 2449 872 2481 fuit
906 2460 1006 2481 accu-

334 2502 428 2528 satus
447 2504 524 2538 547,
539 2504 592 2538 27.
628 2495 822 2538 suspicione
840 2494 952 2527 caedis
971 2495 1006 2526 in

334 2541 528 2574 Nicodemo
555 2546 705 2584 patratae
731 2541 796 2573 suit
822 2540 1007 2583 adspersus

334 2588 412 2630 548,
432 2586 483 2620 16.
520 2587 669 2620 creditus
695 2587 760 2619 fuit
787 2587 1008 2619 Euboeenses

334 2633 376 2666 ad
406 2633 631 2666 defectionem
665 2632 708 2665 ab
736 2632 1008 2665 Atheniensibus

335 2679 513 2722 impulisse
529 2690 608 2721 550,
622 2689 676 2711 22.
707 2678 814 2711 schol.
830 2689 973 2710 munera
990 2689 1009 2710 a

336 2736 370 2757 se
388 2724 478 2757 edita
496 2724 672 2769 factosque
698 2725 732 2756 in
759 2724 1008 2767 rempublicam

336 2776 472 2803 sumtus
491 2776 668 2802 enumerat
685 2769 764 2813 564,
785 2781 823 2802 21
847 2782 897 2814 sq.
933 2781 1008 2812 sep-

336 2816 398 2848 ties
424 2816 610 2858 majestatis
633 2821 665 2848 et
691 2816 724 2848 bi
729 2827 743 2848 3
766 2816 943 2859 peculatus
967 2815 1009 2848 ab

337 2862 571 2904 Aristocritone
592 2867 773 2894 accusatus
791 2867 905 2894 tamen
923 2860 1009 2893 effu-

337 2908 419 2950 git's
415 2908 483 2945 81,
503 2906 533 2939 6
570 2919 588 2939 a
610 2907 800 2940 'lheocrine
827 2913 1009 2940 accusatus

764 102 933 138 INDEX
964 103 1284 140 HISTORICUS

1100 211 1200 244 1333,
1220 211 1274 234 20.
1310 201 1531 235 insimulatur
1548 213 1629 235 cum
1646 214 1685 236 eo
1704 203 1773 236 col-

1097 247 1215 280 ludere
1237 255 1336 291 1335‚
1365 257 1420 288 24.
1465 247 1674 281 Theocrines
1708 248 1773 292 ipsi

1097 292 1268 325 actionem
1298 293 1417 326 decem
1444 293 1582 326 talentis
1615 293 1773 327 aestima·

1096 344 1165 371 tam
1184 338 1316 371 remisit
1332 338 1430 382 1336,
1450 339 1482 372 6.
1528 339 1700 383 Aphobus
1718 345 1774 373 tu-

1096 390 1150 417 tor
1168 395 1248 417 eum
1262 383 1376 417 adhuc
1395 384 1565 436 pupillum
1584 385 1775 429 principem

1097 430 1216 463 classis
1243 430 1434 470 constituit,
1461 441 1565 475 quam
1590 442 1773 482 personam

1097 487 1169 509 non
1195 475 1360 509 subibant
1384 476 1452 509 nisi
1469 476 1630 510 ditissimi
1648 477 1775 522 quique

1098 522 1152 555 sui
1169 521 1300 555 ordinis
1319 522 1386 565 836
1405 534 1483 566 pen.
1523 533 1664 556 caussae
1681 528 1774 556 acto-

1098 568 1144 600 ris
1170 574 1291 601 contra
1316 567 1602 612 Dionysodorum
1626 569 1774 612 patroci-

1098 619 1201 647 natur
1218 614 1316 658 1298,
1336 626 1368 655 4.
1408 614 1563 647 interfuit
1592 614 1682 647 bello
1709 614 1774 647 La-

1099 660 1209 692 miaco
1227 670 1326 704 1491,
1345 672 1397 703 ep.
1416 660 1549 693 ultima.
1587 659 1629 693 de
1654 660 1774 694 exsilio

1099 705 1172 749 ejus
1191 711 1300 749 agunt
1317 706 1480 749 epistolae
1497 706 1636 751 aliquot.

1054 751 1309 785 Demosthenes
1326 752 1506 791 vetustior,
1524 752 1709 795 imperator
1725 751 1775 785 Α-

1099 797 1333 830 theniensium
1349 798 1385 830 in
1400 797 1488 831 bello
1507 797 1773 842 Peloponnesia-

1100 855 1140 876 co
1158 844 1283 883 clarus,
1298 844 1460 877 laudatur
1473 856 1492 877 a
1510 843 1625 877 studio
1642 844 1725 877 recti
1743 850 1775 877 et

1099 889 1247 929 honesti,
1267 889 1360 934 quod
1385 890 1440 922 ille
1466 889 1594 933 gratiae
1617 890 1775 934 populari

1099 935 1344 979 praehabuisse
1383 935 1508 969 dicitur
1547 936 1582 968 in
1623 936 1774 969 consiliis

1099 981 1237 1025 publice
1256 981 1378 1015 dandis
1397 993 1452 1025 34,
1471 993 1525 1014 21.

1054 1028 1224 1072 Dercylus
1246 1039 1262 1060 e
1282 1027 1446 1060 Chalcide
1472 1027 1649 1061 nunciavit
1666 1027 1774 1061 Athe-

1099 1073 1278 1106 niensibus
1330 1073 1529 1117 Philippum
1578 1073 1774 1107 Phocenses

1098 1119 1273 1152 Thebanis
1291 1119 1474 1152 tradidisse
1492 1128 1558 1164 359
1576 1121 1638 1153 ult.
1674 1120 1710 1152 in
1726 1120 1774 1153 le-

1099 1165 1237 1207 gatione
1271 1165 1423 1198 secunda
1451 1165 1698 1198 Demosthenis
1731 1165 1775 1199 ad

1101 1211 1300 1254 Philippum
1318 1211 1403 1244 vidit
1426 1210 1635 1244 Aeschinem
1660 1212 1775 1245 solum

1099 1269 1116 1290 e
1137 1256 1285 1301 Philippi
1303 1257 1451 1291 tentorio
1469 1262 1575 1290 noctu
1593 1263 1776 1290 exeuntem

1056 1349 1266 1388 Dinarchus,
1284 1348 1497 1388 Corinthius,
1516 1360 1596 1382 cum
1615 1348 1775 1393 Philippo

1099 1395 1180 1428 facit
1205 1406 1353 1438 324,14.
1377 1406 1476 1439 1491,
1495 1406 1547 1438 ep.
1564 1394 1627 1428 VI.
1653 1404 1683 1439 7.
1726 1401 1776 1428 est

1099 1441 1152 1473 ille
1171 1448 1274 1474 notus
1293 1446 1418 1474 orator.

1055 1487 1177 1519 Dinias
1218 1487 1455 1526 'l‘heomnestL
1497 1498 1593 1520 socer
1631 1486 1775 1531 Apollo-

1101 1532 1185 1572 dori,
1220 1532 1279 1566 filii
1312 1532 1469 1565 Pasionis
1495 1544 1574 1578 949,
1594 1544 1648 1566 21.
1677 1533 1776 1572 1118,

1105 1578 1156 1612 16.
1180 1590 1276 1620 1214,
1294 1587 1345 1623 17.

1055 1625 1190 1664 Dinias,
1204 1624 1414 1664 Erchiensis,
1426 1631 1630 1658 numeratur
1643 1625 1678 1658 in
1695 1636 1775 1658 cau-

1100 1671 1215 1704 sidicis
1235 1677 1309 1704 tum
1327 1670 1528 1714 potentibus
1545 1682 1624 1714 501,
1645 1680 1698 1715 25.

1056 1716 1177 1749 Dinias
1210 1716 1405 1749 Phormidis
1438 1716 1649 1758 Cydantides
1676 1717 1775 1761 1387,

1101 1775 1132 1804 4.

1056 1809 1185 1847 Dinon,
1206 1808 1394 1841 Nicostrati
1417 1814 1449 1841 et
1469 1808 1648 1842 Arethusii
1673 1809 1777 1842 frater

1106 1856 1204 1896 1248,
1224 1866 1255 1898 9.

1056 1900 1136 1939 Dio,
1155 1901 1337 1934 nauclerus
1355 1900 1434 1944 908,
1452 1908 1504 1941 15.
1524 1912 1605 1945 910,
1622 1912 1673 1934 12.

1057 1947 1124 1979 Dio
1143 1946 1370 1980 Phiweuihius
1391 1956 1536 1998 270,13.

1057 1993 1125 2026 Dio
1150 1992 1389 2037 Syracusanus
1421 1993 1534 2043 parvis
1564 2003 1644 2025 cum
1671 1992 1777 2036 copiis

1097 2039 1272 2082 juniorem
1309 2038 1424 2083 Diony
1428 2039 1517 2071 sium
1551 2038 1671 2071 evertit
1697 2037 1776 2080 506,

1105 2095 1158 2126 24

1058 2130 1196 2163 Diocles
1216 2130 1389 2163 Pithensis
1415 2141 1559 2173 magnas
1583 2141 1663 2163 curn
1683 2129 1777 2173 Iphi-

1103 2182 1193 2208 crate
1221 2176 1412 2208 simultates
1440 2175 1591 2208 exercuit
1617 2185 1696 2219 534,
1722 2185 1777 2219 23.

1103 2221 1225 2254 dubito
1251 2221 1388 2254 idemne
1414 2221 1468 2260 sit,
1488 2221 1547 2265 qui
1571 2233 1603 2264 p.
1622 2230 1701 2264 570,
1722 2230 1777 2265 27.

1103 2266 1228 2299 dicitur
1261 2267 1294 2299 in
1328 2267 1471 2299 Euboea
1502 2267 1600 2300 factis
1632 2266 1777 2299 indutiis

1104 2312 1171 2355 (vel
1189 2314 1285 2356 pace)
1302 2324 1381 2345 cum
1393 2312 1566 2345 Thebanis
1582 2312 1778 2345 Euboicum

1102 2358 1187 2390 illud
1221 2358 1350 2391 bellum
1389 2358 1527 2397 finiisse,
1561 2358 1644 2391 item
1678 2358 1777 2403 cujus

1103 2404 1156 2436 lex
1176 2404 1336 2436 iecitatur
1353 2416 1385 2447 p.
1407 2413 1484 2447 713,
1502 2415 1552 2448 19.

1059 2449 1234 2482 Diodorus
1257 2450 1457 2482 Halaeensis
1474 2460 1642 2493 1310,17.

1059 2495 1325 2539 1)1ο(101113,(1111
1343 2496 1498 2528 Aristoni
1525 2502 1645 2529 contra
1663 2495 1778 2529 Cono-

1104 2553 1181 2574 nem
1201 2548 1345 2574 testatus
1364 2548 1415 2574 est
1432 2541 1530 2581 1266,
1551 2550 1602 2585 27.

1060 2587 1248 2626 Diodorus,
1285 2587 1327 2620 ab
1357 2587 1573 2620 Androtione
1606 2586 1779 2631 parricidii

1104 2640 1297 2672 accusatus,
1326 2633 1384 2666 sed
1411 2633 1602 2671 absolutus,
1627 2633 1779 2666 vicissim

1105 2679 1219 2721 ipsum
1260 2681 1458 2722 παρανόμων
1491 2679 1664 2712 accusavit
1704 2690 1779 2711 ora-

1105 2725 1197 2756 tioue
1212 2731 1283 2758 tota
1300 2726 1334 2758 in
1349 2737 1428 2757 eum
1446 2724 1627 2757 invehente
1644 2734 1712 2768 593
1727 2735 1778 2769 sq.

1106 2781 1246 2803 caussae
1279 2771 1382 2815 hujus
1416 2770 1519 2803 series
1552 2776 1712 2803 narratur
1745 2781 1778 2813 p.

1108 2824 1184 2859 702.
1218 2817 1278 2849 ubi
1299 2817 1390 2849 idem
1409 2816 1585 2849 Diodorus
1602 2816 1779 2849 Timocra-

1106 2867 1175 2894 tem
1194 2874 1331 2907 quoque
1348 2863 1545 2895 insectatur.

1062 2906 1229 2951 Diocriton
1248 2908 1481 2941 Acharnensis
1500 2906 1598 2951 1360,
1615 2918 1666 2940 11
