1935 3200
311 137 423 177 1214
668 134 984 176 ADVERSUS
1018 134 1464 176 MAGARTATUM.

313 242 492 282 dicasset
513 240 656 289 oleam,
680 240 751 293 qui
782 254 865 280 non
892 239 1003 287 civis,
1025 240 1097 279 sed
1124 239 1350 293 inquilinus
1378 243 1499 287 esset,
1522 252 1709 278 caussam
1730 239 1817 292 ejus

308 297 527 351 judicabat
555 296 876 336 Polemarchus:
910 296 943 335 si
973 296 1064 349 quis
1092 296 1224 336 oleam
1255 295 1508 335 eradicasset
1530 309 1580 334 ex
1601 309 1703 348 agro
1724 309 1818 334 con-

312 358 511 401 troverso,
548 352 786 406 pertinebat
821 367 870 392 ea
905 366 1051 392 caussa
1082 352 1136 392 ad
1172 351 1431 391 Archontem
1462 351 1750 405 Eponymum:
1784 351 1818 390 si

313 409 403 462 quis
432 423 453 448 e
480 409 571 448 luco
602 408 723 448 alicui
755 409 832 448 deo
863 412 1118 455 consecrato.
1148 407 1370 447 deferenda
1400 411 1492 447 erat
1519 422 1568 447 ca
1593 421 1739 447 caussa
1763 407 1818 447 ad

313 465 524 505 Basileum
546 479 617 504 seu
640 465 796 518 Regem
818 479 1043 504 sacrorum.
1076 464 1269 504 REISK.
1331 463 1384 503 V.
1406 463 1460 503 ad
1481 478 1520 517 p.
1546 465 1640 517 629.
1666 476 1730 505 22.

373 532 493 574 1074,
517 521 583 562 28.
620 524 686 560 τοῦ
720 523 836 561 αὑτοῦ
864 521 1019 574 μέρους]
1053 520 1102 559 Id
1132 524 1196 559 est
1230 520 1326 570 ὑπὲρ
1363 521 1510 565 ἑαυτοῦ,
1534 519 1595 559 vol
1625 520 1720 570 ὑπὲρ
1752 523 1818 558 τοῦ

311 576 450 629 μέρους
489 581 557 617 τοῦ
593 579 646 618 εἰς
682 577 799 617 αὐτὸν
840 577 1083 626 καθήκοντος.
1117 576 1310 615 REISK.
1373 575 1421 614 In
1457 575 1629 628 publicis
1664 575 1819 614 caussis

313 637 576 673 sacramenta
591 648 616 673 a
631 647 702 673 reo
723 633 846 681 nulla,
868 633 922 673 ab
944 637 1086 673 actore
1110 637 1200 672 tum
1228 632 1393 671 demum
1419 632 1610 684 ponenda
1630 634 1762 679 erant,
1785 630 1819 670 si

312 703 470 743 poenae
492 689 703 743 irrogatae
724 704 822 743 pars
844 689 1049 742 quaedam
1070 688 1148 742 ipsi
1170 702 1337 728 cessura
1357 692 1479 735 esset,
1501 692 1548 727 ut
1569 687 1696 727 videri
1727 701 1819 740 pos-

313 750 378 785 set
412 760 495 785 non
526 746 585 785 rei
624 745 814 799 publicae
847 745 990 793 solum,
1025 745 1097 784 sed
1137 745 1199 784 sui
1236 758 1399 797 quoque
1430 743 1581 797 privati
1615 743 1819 783 commodi

313 816 462 842 caussa
483 816 621 856 agere.
660 802 802 841 Unum
823 802 946 855 hujus
967 800 1025 840 rei
1047 801 1279 854 exemplum
1297 814 1347 839 ex
1368 800 1408 839 11.
1426 800 1450 839 l.
1475 799 1621 839 attulit
1634 799 1816 839 Boeckh.

314 857 467 898 Oecon.
497 871 530 897 1.
566 873 605 911 p.
631 860 726 910 5376.
761 859 871 911 quod
903 857 1001 911 quin
1033 857 1087 897 ad
1120 858 1244 908 φάσιν
1276 855 1486 910 pertineat
1521 855 1705 895 dubitari
1738 869 1820 894 non

313 918 467 967 potest.
501 914 887 955 SOHOEMANN.
913 913 1060 967 Antiq.
1082 913 1192 967 publ.
1217 928 1256 966 p.
1279 914 1371 964 278.

376 980 494 1022 1075,
532 984 564 1010 1.
617 971 1035 1022 ἐγγραφόντων-τοῖς
1075 968 1331 1022 πράκτορσιν]
1376 968 1554 1019 ἐγγραφὴ
1595 967 1821 1018 πρακτόρων

314 1030 663 1066 commemoratur
684 1042 722 1080 p.
750 1027 843 1079 778,
867 1027 926 1066 18.
961 1026 1219 1065 SCHAEF.

376 1092 495 1134 1075,
523 1095 585 1122 12.
617 1081 905 1135 μηδ’-ποιεῖν]
939 1086 1065 1122 ποιεῖν
1104 1099 1140 1121 τι
1177 1083 1217 1120 ἐκ
1259 1082 1388 1127 τόπου,
1430 1093 1578 1119 movere
1616 1077 1778 1132 aliquid
1803 1091 1822 1117 6

314 1137 404 1177 loco.
459 1138 513 1177 V.
536 1138 593 1177 H.
613 1138 814 1192 Stephani
838 1138 959 1177 Thes.
983 1152 1015 1176 s.
1038 1153 1074 1177 v.
1099 1137 1230 1177 ποιέω.
1266 1135 1517 1176 SGHAEF.

376 1203 497 1247 1075,
515 1207 579 1241 21,
602 1194 672 1243 τὴν
693 1195 939 1247 θυγατριδῆν]
972 1194 1140 1248 Neptem
1161 1193 1323 1246 exsilia.
1370 1192 1436 1232 Sic
1457 1191 1536 1231 fuit
1557 1191 1658 1231 haec
1680 1189 1820 1230 Buscli

314 1249 542 1303 proneptis.
567 1250 759 1290 WOLF.

376 1316 495 1359 1075,
521 1319 586 1357 23.
622 1305 763 1359 ὑϊδοῦς]
799 1307 931 1360 IVepos
962 1320 1006 1345 ex
1034 1305 1138 1359 fillo.
1199 1304 1388 1353 Buselus‚
1423 1303 1662 1351 Eubulides,
1700 1300 1821 1344 Galli-

314 1365 487 1402 stratus.
514 1361 706 1402 WOLF.

375 1428 494 1472 1075,
521 1431 583 1469 24.
616 1421 683 1458 τοῦ
704 1419 918 1470 ἀδελφιδοῦ
944 1416 1253 1470 τοῦ“Αβρωνος]
1288 1416 1466 1457 Habron
1488 1416 1596 1456 enim
1617 1419 1659 1455 et
1682 1414 1822 1455 Eubu-

313 1474 418 1513 lides
438 1475 589 1514 fratres
604 1474 784 1515 fuerunt.
821 1474 1086 1515 Callistratus
1109 1488 1206 1528 ergo
1225 1473 1439 1513 Habronis
1456 1487 1506 1513 ox
1527 1472 1658 1512 fratre
1678 1484 1818 1525 nepos.

317 1530 504 1570 WOLF.

376 1596 496 1640 1075,
517 1597 585 1639 25.
620 1587 923 1640 ἐπεδικασάμην]
947 1587 1000 1627 V.
1023 1587 1076 1627 ad
1098 1602 1137 1639 p.
1160 1586 1279 1633 1068,
1302 1588 1365 1626 16.
1398 1584 1650 1626 SCHAEF.

374 1643 526 1695 τούτου]
566 1641 704 1696 Hujus
729 1643 801 1682 filii
823 1643 913 1691 mei,
940 1643 1172 1683 Eubulidao
1200 1642 1382 1692 minoris,
1406 1643 1523 1695 cujus
1553 1639 1718 1680 nomine
1746 1654 1822 1694 ego

313 1699 420 1738 hanc
443 1712 631 1738 caussam
651 1713 743 1752 ago.
776 1699 829 1738 V.
852 1714 892 1751 p.
914 1701 1033 1752 1076,
1055 1712 1091 1740 2.
1124 1699 1320 1738 REISK.

376 1764 495 1808 1075,
521 1755 585 1795 28.
618 1755 811 1808 ἀπέδωκα]
836 1755 964 1795 Velut
986 1755 1173 1795 debitum
1199 1755 1378 1808 aliquod.
1414 1753 1568 1807 Majori
1591 1752 1699 1792 onim
1720 1756 1822 1791 natu

313 1810 399 1850 filio
432 1811 675 1859 debebatur,
709 1815 756 1851 ut
785 1811 947 1865 generis
981 1811 1261 1851 conservatori
1290 1816 1332 1851 ot
1364 1808 1646 1865 propagatori,
1673 1822 1822 1847 nomen

313 1867 393 1907 avi.
426 1866 620 1906 REISK.
682 1867 795 1907 Bene
827 1867 1019 1907 Reiskius
1041 1867 1145 1907 velut
1166 1866 1336 1907 debitum
1356 1866 1528 1920 aliquod.
1582 1865 1636 1905 V.
1658 1865 1744 1904 not.
1768 1864 1823 1904 ad

316 1923 449 1977 Longi
473 1923 679 1963 Pastoral.
700 1939 740 1977 p.
756 1937 855 1977 409.
890 1924 1138 1964 SCHAEF.

376 1981 495 2032 1076,
513 1993 552 2028 4.
589 1981 669 2031 (καὶ
690 1980 1041 2034 γὰρ-γυναικὸςΠ
1066 1978 1252 2033 Philagri
1277 1979 1384 2018 filius
1406 1993 1456 2019 ex
1479 1977 1660 2018 secunda
1681 1990 1821 2025 uxore,

314 2036 446 2075 frater
488 2035 721 2076 Eubulidae
767 2050 1001 2090 germanus.
1045 2036 1351 2090 Phylomachae
1391 2035 1596 2075 secundae
1635 2037 1822 2087 patruus.

377 2148 497 2198 1076,
523 2160 586 2189 12.
617 2148 853 2201 πρώτιστον]
884 2148 1082 2188 Formam
1104 2149 1210 2188 hanc
1233 2148 1273 2187 in
1295 2147 1460 2201 scriptis
1481 2150 1694 2186 oratorum
1714 2148 1823 2185 vete-

316 2217 407 2241 rum
429 2217 666 2255 perri-aram
689 2203 789 2243 dicit
811 2205 1046 2243 Lobeckius
1067 2205 1122 2244 ad
1146 2204 1371 2257 Phrynich.
1395 2219 1434 2256 p.
1448 2216 1544 2254 4¹9·
1606 2202 1669 2241 Ac
1690 2200 1825 2240 rarior

316 2258 416 2297 mihi
439 2258 566 2298 etiam
587 2258 774 2298 videtur:
809 2274 1046 2312 quanquam
1071 2274 1153 2298 non
1181 2260 1327 2309 ignoro
1351 2274 1371 2299 e
1393 2258 1511 2298 bonis
1532 2257 1648 2297 libris
1669 2257 1824 2311 passim

316 2314 591 2354 revocandam
625 2328 725 2360 esse.
763 2319 811 2354 ut
845 2330 884 2368 p.
911 2318 1028 2368 1176,
1060 2327 1117 2368 17.
1174 2316 1226 2355 V.
1258 2316 1314 2354 H.
1338 2315 1540 2369 Stephani
1570 2314 1690 2354 Thes.
1727 2327 1758 2353 s.
1787 2328 1822 2352 v.

316 2375 476 2422 πρῶτος.
510 2370 760 2410 SOHAEF.

378 2428 497 2479 1076,
520 2436 582 2480 15.
614 2430 689 2465 τῶν
710 2427 824 2466 οἴκων
844 2431 921 2467 τῶν
949 2426 1277 2480 ἐξερημουμένων]
1310 2427 1456 2467 Isacus
1480 2442 1519 2481 p.
1543 2429 1607 2473 66,
1633 2426 1698 2468 28.
1721 2425 1823 2478 νόμῳ

317 2485 391 2534 γὰρ
413 2484 463 2536 τῷ
492 2483 652 2535 ἄρχοντι
681 2486 757 2522 τῶν
787 2484 912 2529 οἴκων,
942 2485 1043 2525 ὅπως
1071 2484 1118 2523 ἂν
1147 2484 1198 2534 μὴ
1222 2485 1475 2535 ἐξερημῶντα,
1497 2482 1729 2535 προστάττει
1755 2481 1823 2530 τὴν

318 2538 555 2588 ἐπιμέλειαν.

378 2596 498 2647 1076,
536 2595 596 2634 18.
635 2594 753 2647 κυεῖν]
791 2595 893 2634 κύειν
927 2595 1055 2636 habot-
1093 2595 1234 2635 Reisk.
1272 2596 1313 2635 in
1351 2595 1444 2634 Ind.
1482 2593 1709 2634 Graecitat.
1770 2592 1821 2631 V.

318 2651 601 2691 Buttmannus
624 2651 857 2691 Grammat.
880 2651 952 2691 Gr.
974 2652 1071 2705 lnaj.
1096 2664 1131 2700 2,
1153 2666 1187 2691 1.
1209 2666 1248 2705 p.
1275 2662 1363 2703 177.
1390 2654 1504 2705 (230.
1528 2651 1592 2690 cd.
1616 2648 1821 2700 Lobeck.)

318 2707 578 2747 SCHAEF.

373 2763 424 2813 μὴ
449 2762 544 2802 ἐάτω
566 2761 757 2816 ὑβρίζειν]
783 2763 823 2802 S.
846 2765 931 2802 τινὰ
951 2763 1018 2804 τὰς
1038 2768 1235 2814 γυναῖκας.
1261 2763 1450 2803 WOLF.

379 2820 498 2871 1076,
525 2831 586 2872 19.
621 2819 854 2868 ἐπιβάλλειν
875 2821 969 2859 κατὰ
990 2819 1033 2857 τὸ
1055 2819 1184 2870 τέλος]
1212 2820 1252 2859 S.
1274 2820 1409 2870 ζημίαν
1429 2819 1479 2872 τῷ
1501 2819 1707 2868 ὑβρίσαντι
1729 2818 1822 2855 κατὰ

317 2875 386 2924 τὴν
408 2875 554 2914 οὐσίαν.
596 2874 673 2914 etsi
696 2875 739 2913 τὸ
760 2875 872 2917 τέλος
893 2879 1131 2928 suspectum
1152 2880 1227 2924 cst,
1251 2891 1325 2915 nec
1347 2875 1483 2929 placet
1505 2876 1600 2914 κατὰ
1621 2873 1662 2912 τὸ
1685 2873 1780 2924 ἄγος
1799 2870 1823 2921 ἦ

318 2932 450 2980 μύσος.
511 2930 623 2969 Puto
644 2929 769 2970 etiam
791 2930 1004 2971 definitam
1025 2930 1222 2972 mulctam
1251 2931 1542 2985 pecuniariam,
1567 2943 1671 2982 quae
1702 2932 1823 2968 extra
