1935 3200
280 138 391 178 1342
662 133 986 175 ADVERSUS
1020 131 1401 172 EUBULIDEM.

342 255 461 295 1311,
490 243 551 280 16.
584 240 829 291 διηγήσομαι]
868 239 1032 278 Scilicet
1062 238 1186 291 paulo
1208 242 1317 291 post.
1380 237 1530 277 Placat
1555 235 1613 276 sic
1635 241 1678 276 et
1699 249 1783 276 5115ὲ

280 298 424 352 pendit
461 294 765 349 impatientiam
801 294 988 348 judicum
1027 294 1221 334 audiendi
1258 294 1308 333 de
1345 293 1512 340 caussis,
1545 307 1617 332 cur
1650 297 1786 332 mater

279 354 437 394 actoris
468 351 671 392 nutricem
699 351 863 405 egisset,
891 355 939 390 ut
969 355 1216 404 paterentur
1242 354 1368 389 antea
1392 349 1504 389 aliud
1526 349 1624 403 quid
1655 348 1786 402 magis

280 408 557 449 necessarium
579 408 743 461 exponi.
777 407 972 446 REISK.

340 464 786 516 ἐπικλήρου-εὐπόρου]
816 464 970 502 Nactus
990 469 1117 503 (rectem
1129 476 1208 516 per
1228 461 1505 501 haereditatem
1524 461 1595 513 jus
1614 459 1788 500 ducendi

282 521 477 575 virgyinem
497 519 732 572 opulentam.
768 518 1019 559 SCHAEF.

345 590 462 628 1311,
492 587 553 628 17.
590 575 781 627 ἐκὸοὓναι]
815 575 926 614 Nota
959 578 1206 627 usurpatum
1242 573 1293 612 de
1325 572 1477 612 marito
1512 585 1683 611 uxorem
1719 570 1789 611 alii

283 631 466 687 legitime
487 632 671 671 cedente.
705 630 953 671 SCHAEF.
999 630 1052 669 V.
1074 629 1129 669 ad
1150 644 1189 682 p.
1208 630 1301 682 863,
1325 643 1363 678 4.

345 701 464 740 1311,
490 701 555 729 21.
578 691 653 726 τῶν
674 704 714 727 τε
737 686 866 739 θείων]
891 686 1028 725 Ambo
1050 684 1262 725 Theocriti
1284 684 1423 738 patrui
1446 688 1565 723 erant
1589 682 1790 737 Lysanias

284 749 327 784 et
349 743 571 785 Charisius.
605 742 801 782 REISK.

347 813 469 853 1311,
493 801 557 839 26.
590 798 1053 849 στρατευομένου-μετὰ
1076 796 1385 848 Θρασυβούλου]
1421 795 1485 834 De
1513 794 1590 834 hac
1613 794 1791 847 Thrasy-

284 856 369 896 buli
401 856 441 894 in
475 856 657 895 Lesbum
688 854 951 908 expeditione
985 854 1165 907 (Olymp.
1193 865 1258 905 97,
1289 853 1340 901 1.)
1374 867 1408 891 v.
1438 851 1610 890 Diodor.
1638 864 1702 900 14,
1725 864 1791 904 94.

286 912 479 952 REISK.

347 981 468 1021 1312,
495 980 531 1007 2.
555 965 998 1019 ποιήσασα-ποιοῦσα]
1033 965 1157 1004 Prius
1187 962 1453 1017 participium
1482 963 1660 1002 fortasse
1688 961 1792 1001 refe-

286 1039 355 1064 ras
376 1024 429 1063 ad
457 1023 772 1076 susceptionem,
796 1022 1002 1075 posterius
1032 1021 1087 1061 ad
1116 1019 1370 1059 functionem
1400 1019 1580 1058 muneris
1611 1017 1791 1057 nutricii.

289 1081 371 1120 Sed
397 1079 495 1118 mihi
526 1079 706 1132 scriptor
730 1079 854 1118 ambo
885 1077 1108 1131 participia
1129 1076 1292 1116 videtur
1321 1075 1557 1128 promiscua
1587 1073 1793 1114 habuisse.

288 1135 540 1176 SOHAEF.

350 1203 471 1245 1312,
491 1202 526 1244 7.
550 1192 704 1241 παῖδας]
740 1193 858 1229 παῖδα
880 1192 935 1228 Α.
978 1193 1117 1230 παῖδας
1136 1189 1242 1227 bene
1262 1187 1405 1234 habet,
1428 1185 1595 1226 tametsi
1616 1184 1795 1225 blandiri

289 1248 421 1302 possit
442 1251 573 1292 παῖδα,
597 1261 689 1286 011111
713 1245 1017 1285 Protomachus
1040 1260 1061 1284 e
1084 1244 1281 1283 Nicareta
1308 1257 1391 1282 11011
1419 1242 1496 1281 nisi
1518 1256 1643 1282 unam
1668 1242 1796 1281 filiam

289 1302 530 1357 susceperit.
593 1303 701 1342 Nam
722 1305 862 1342 παῖδας
885 1305 1080 1341 ποιεῖσθαι
1108 1300 1209 1339 nihil
1237 1299 1346 1339 aliud
1369 1303 1433 1338 est
1455 1313 1579 1351 quam
1599 1301 1797 1338 παιδοποι-

290 1363 419 1400 εῖσθαι
450 1364 492 1399 et
523 1359 573 1398 de
604 1358 714 1399 omni
751 1358 865 1411 prole
898 1362 1135 1410 usurpatur,
1168 1356 1251 1395 sive
1287 1370 1336 1395 ea
1370 1354 1588 1408 singularis
1618 1358 1683 1393 est
1715 1353 1797 1393 sive

289 1416 471 1470 pluralis,
494 1420 542 1455 ut
563 1415 686 1455 etiam
713 1413 851 1453 Latini
873 1413 1117 1453 vocabulum
1138 1411 1254 1452 liberi
1274 1416 1477 1464 usurpant
1498 1410 1624 1450 etiam
1646 1410 1697 1449 de
1715 1423 1798 1449 11110

291 1476 458 1512 tantum
492 1471 663 1511 infante.
728 1470 802 1521 (V.
828 1469 985 1509 Gellius
1013 1482 1050 1514 2,
1072 1482 1134 1522 13.
1174 1467 1445 1517 SOHAEF.)
1509 1467 1638 1506 Forte
1669 1465 1798 1506 voluit

292 1529 566 1582 Augustanus
597 1526 975 1575 παιδοποιησάμενος
995 1540 1077 1564 11110
1099 1524 1312 1564 vocabulo.
1373 1523 1455 1563 Sed
1477 1523 1575 1577 quid
1596 1536 1699 1575 opus
1720 1526 1797 1571 est,

291 1584 390 1632 aies,
427 1584 490 1622 his
526 1582 894 1637 argutationibus?
954 1581 1003 1620 P.
1025 1593 1142 1634 1312,
1164 1594 1226 1619 10.
1258 1579 1329 1619 filii
1367 1578 1633 1619 Protomachi
1669 1582 1799 1618 testes

292 1640 592 1693 producunt-ur.
654 1638 926 1691 Respondeo:
960 1637 1053 1676 Non
1079 1651 1100 1676 e
1123 1636 1320 1676 Nicareta
1347 1649 1417 1675 eos
1447 1634 1628 1688 suscepit
1652 1634 1800 1674 Proto-

292 1696 475 1743 machus,
497 1696 568 1735 sed
591 1710 639 1734 ex
662 1695 795 1734 altera
820 1708 960 1740 uxore,
985 1707 1108 1746 quam
1134 1693 1301 1732 domum
1324 1691 1443 1730 duxit
1471 1695 1567 1744 post
1589 1690 1800 1730 dimissam

296 1751 548 1797 Nicaretam„
577 1765 684 1804 quae
715 1755 779 1789 est
812 1749 880 1788 illa
913 1750 1129 1799 ἐπίκληρος,
1160 1748 1191 1787 si
1215 1762 1356 1787 verum
1387 1751 1462 1793 est.
1486 1746 1597 1799 quod
1622 1761 1660 1799 p.
1682 1759 1799 1796 1311,

298 1821 362 1846 11.
391 1807 509 1855 dixit,
541 1807 779 1846 Nicaretam
813 1805 1093 1844 Protomacho
1126 1804 1182 1842 nil
1220 1808 1388 1857 praeter
1419 1802 1545 1842 filiam
1580 1801 1799 1855 peperisse.

298 1863 491 1902 REISK.

358 1931 475 1972 1312,
501 1919 535 1956 8.
560 1917 615 1968 ὃς]
652 1918 731 1968 Qui
756 1917 1070 1956 Protomachus.
1113 1915 1305 1955 REISK.

357 1987 479 2028 1312,
502 1988 538 2024 9.
572 1975 924 2024 ἀστὴν-πολῖτιν]
964 1971 1109 2011 Finxit
1145 1971 1367 2011 discrimen
1403 1970 1595 2010 Reiskius
1630 1968 1673 2008 in
1707 1968 1799 2008 Ind.

297 2030 527 2070 Graecitat.
562 2044 591 2069 s.
622 2044 656 2069 v.
690 2031 818 2070 ἀστός.
900 2028 1123 2067 Enimvero
1164 2027 1365 2067 vocabula
1413 2031 1511 2066 sunt
1561 2039 1799 2079 synonyma.

298 2086 461 2126 Aneed.
486 2085 616 2125 Bekk.
639 2100 677 2138 p.
699 2095 889 2139 45514:
926 2085 1088 2125 Ἀστόςε
1122 2085 1293 2132 πολίτης.
1356 2082 1508 2122 -Junxit
1539 2086 1680 2122 autem
1711 2095 1803 2120 ora-

297 2146 366 2181 tor
389 2143 591 2192 ἐναργείοις
617 2141 744 2192 χάριν.
786 2141 876 2180 dass
896 2141 950 2179 sie
970 2139 1287 2179 eineAtlmnerin
1315 2139 1400 2178 und
1424 2139 1481 2178 im
1507 2137 1805 2177 unbestrfe‘ttenen

298 2197 432 2236 Besit:
452 2197 521 2235 cler
537 2196 820 2248 Biwyerreclete
842 2210 941 2234 war.
995 2195 1074 2233 Sed
1096 2209 1135 2247 p.
1157 2195 1275 2246 1382,
1297 2207 1332 2233 2.
1355 2194 1464 2233 inter
1485 2194 1585 2232 haec
1606 2192 1805 2232 vocabula

299 2252 465 2291 videtur
485 2252 562 2290 hoc
580 2251 826 2290 discriminis
848 2250 1116 2296 intercedere,
1132 2256 1178 2289 ut
1201 2251 1298 2298 ἀστὴ
1320 2250 1485 2289 dicatur
1501 2262 1606 2301 quae
1626 2248 1805 2300 majores

300 2307 448 2346 habuit
495 2307 614 2352 cives.
661 2310 813 2347 πολῖτις
858 2320 963 2358 quae
1008 2305 1078 2357 jus
1125 2304 1306 2344 civitatis
1355 2320 1380 2345 a
1429 2304 1579 2357 populo
1629 2303 1803 2356 accepit.

303 2363 562 2402 SCHAEF.
622 2361 809 2415 Anglice‚
832 2361 914 2400 {leat
938 2361 1000 2399 she
1028 2375 1109 2400 was
1137 2375 1162 2399 α
1191 2360 1345 2409 citizen,
1367 2361 1452 2400 ancl
1479 2358 1807 2412 unquestionably

293 2418 496 2473 possessed
514 2418 572 2457 {lae
592 2418 717 2470 riqhts
739 2418 789 2469 (gf
798 2417 1037 2466 citizenship.

366 2486 483 2527 1312,
504 2486 566 2513 12.
597 2474 666 2522 τὴν
696 2474 891 2524 γαμηλίαν
922 2472 1163 2522 εἰσήνεγκεν]
1209 2470 1403 2510 Recurrit
1433 2486 1472 2524 p.
1496 2483 1613 2524 1320,
1637 2483 1698 2524 13.
1750 2469 1805 2509 V.

303 2530 504 2584 Taylorus
524 2530 578 2569 ad
599 2528 688 2568 init.
714 2528 888 2581 Argum.
913 2528 950 2566 h.
976 2528 1093 2567 Orat.
1132 2526 1383 2566 SCHAEF.

371 2595 575 2639 1312,15.
614 2586 718 2633 παρὰ
752 2587 818 2622 τοῦ
850 2583 1131 2635 Πρωτομάχου]
1179 2582 1286 2622 Nam
1322 2597 1344 2621 e
1379 2583 1501 2621 domo
1539 2579 1807 2621 Protomachi

302 2642 439 2681 adhuc
480 2639 715 2693 superstitis
756 2638 796 2677 in
837 2639 1005 2678 domum
1043 2638 1251 2678 Theocriti
1293 2642 1553 2677 concesserat
1594 2637 1803 2676 Nicareta.

306 2697 610 2736 Protomachus
638 2699 779 2735 autem
807 2694 929 2734 aliam
953 2694 1131 2733 duxerat
1152 2708 1337 2741 uxorem,
1358 2694 1428 2743 τὴν
1450 2694 1670 2743 ἐπίκληρον,
1693 2696 1736 2732 et
1757 2705 1808 2731 ex

305 2767 354 2792 ea
378 2752 528 2791 liberos
554 2751 659 2799 illos,
681 2750 749 2803 qui
767 2764 803 2790 v.
823 2763 884 2789 10.
907 2753 1036 2789 testes
1065 2750 1365 2802 producuntur,
1387 2748 1624 2788 sustulerat.
1688 2748 1808 2787 Post-

304 2808 473 2848 modum
502 2807 629 2847 filiam
661 2820 682 2846 e
711 2805 909 2845 Nicareta
941 2810 1175 2857 susceptam
1205 2805 1321 2845 vivus
1355 2805 1492 2845 adhuc
1523 2803 1809 2857 despondebat

304 2863 492 2903 adultam
516 2862 674 2901 Eunieo
697 2860 977 2915 Oholargensi.
1019 2860 1210 2900 REISK.

368 2930 487 2970 1312,
512 2930 575 2957 22.
598 2915 840 2970 ψηφίσαιτο]
874 2916 999 2956 Redit
1030 2916 1082 2955 ad
1116 2918 1149 2955 εἰ
1177 2916 1321 2965 μηδεὶς,
1346 2929 1519 2967 quorum
1550 2914 1649 2954 illud
1669 2929 1705 2954 v.
1728 2927 1805 2967 19.‚
