1935 3200
272 120 383 162 1436
859 117 1190 158 PROOEMIA.

334 240 454 280 1443,
478 238 540 276 14.
563 221 768 277 ποιήσητε]
794 222 979 262 Subaudi
1002 223 1063 261 καὶ
1085 226 1166 261 νῦν.
1198 221 1391 262 REISK.

336 295 455 335 1443,
483 290 545 334 15.
587 279 720 333 ταῦτα]
756 279 797 319 S.
836 292 941 331 quae
973 292 1080 317 nunc
1113 277 1257 317 audire
1290 279 1548 320 detrectatis.
1588 282 1778 322 WOLF.

276 338 382 377 Post
403 338 443 377 h.
467 351 502 376 v.
531 336 696 376 videtur
716 335 848 384 λαβὴν
869 334 930 373 ν61
961 333 1091 373 simile
1113 333 1209 387 quid
1233 334 1386 375 deesse.
1419 335 1611 376 REISK.
1673 338 1780 377 Mihi

275 408 358 433 non
380 393 554 432 videtur.
596 396 728 437 ταῦτα,
752 393 799 430 τὰ
819 392 905 430 τότε
928 391 1104 439 δόξαντα.
1142 390 1390 431 SCHAEF.

335 462 455 503 1443.
483 451 544 488 16.
577 446 742 501 τούτων]
767 447 833 487 Ea
853 445 1023 494 scilicet,
1047 460 1152 499 quae
1173 460 1244 486 vos
1265 447 1342 486 hac
1363 447 1405 486 in
1426 448 1622 488 concione
1644 450 1782 489 decer-

275 505 397 545 netis.
451 504 632 544 OEISK.

335 574 454 615 1443,
477 575 541 615 19.
563 565 638 600 τῶν
661 557 1047 609 δοξάντων-πέρας]
1075 557 1191 596 Conf.
1214 573 1252 610 p.
1278 572 1396 611 1444
1419 574 1482 613 15.

334 630 455 669 1443,
480 629 544 656 20.
578 617 744 669 ἀφέντες
762 615 785 654 ἃ
807 613 1012 665 συμφέρει]
1038 613 1180 653 Missis
1208 614 1259 653 iis
1289 629 1392 667 quae
1421 616 1579 655 civitati
1596 622 1780 669 presunt.

277 673 429 713 SOHA
440 673 526 712 EF.

336 742 457 782 1443,
483 742 548 769 21.
580 725 1055 780 προκαταλαμβανόντων]
1084 725 1366 780 Pendealisque
1395 727 1441 766 de
1471 728 1525 767 iis
1556 728 1625 780 qui
1649 728 1784 780 primi

274 785 473 832 (limarum,
497 791 685 839 tanquam
711 784 757 823 dc
777 779 1029 822 histrionibus
1049 782 1118 835 qui
1148 782 1302 822 theatra
1323 783 1456 836 primi
1483 790 1781 836 occquaverzmt.

277 841 526 881 SCHAEF.

336 911 460 951 1443,
483 908 546 950 27.
588 896 631 935 τὸ
670 895 1027 946 μὲν-συγγνώμη]
1075 894 1340 935 Constructio
1381 895 1493 934 haud
1532 895 1781 949 infrequens.

278 953 528 1006 Quanquam
559 952 786 992 infinitivus
818 949 1067 990 substantivi
1098 950 1274 1004 fungens
1302 952 1388 991 vice
1419 951 1504 990 sere
1536 956 1652 992 caret
1682 951 1783 992 arti-

278 1009 369 1048 culo
387 1025 394 1048 :
428 1009 497 1062 (1111
518 1024 591 1048 0111·
612 1009 651 1048 h.
674 1009 698 1047 l.
721 1008 891 1048 additus
916 1008 971 1048 sit
993 1021 1139 1047 caussa
1160 1006 1380 1047 manifesto
1402 1012 1591 1061 apparet.
1645 1008 1780 1048 Hero-

278 1065 402 1104 dotus
438 1079 471 1113 1,
498 1078 567 1118 39.
596 1065 811 1116 Συγγνώμη
844 1063 1156 1116 μὲν-φυλακὴν
1189 1063 1305 1115 ἔχειν.
1359 1063 1619 1117 Thucydides
1649 1077 1687 1117 5,
1717 1065 1783 1103 88.

277 1121 391 1162 Εἰκὸς
411 1123 483 1171 μὲν
505 1122 566 1160 καὶ
587 1120 1071 1171 ξυγγνώμη-τρέπεσθαι.
1123 1119 1217 1172 Ipse
1242 1124 1385 1159 orator
1415 1135 1453 1172 p.
1475 1131 1571 1172 415,
1599 1131 1661 1172 17.
1685 1124 1783 1172 Συγ-

275 1178 407 1228 γνώμη
429 1178 588 1230 ἀδελφῷ
609 1180 784 1226 βοηθεῖν.
818 1175 1067 1216 SUHAEF.

337 1246 457 1284 1444,
484 1246 546 1274 12.
581 1232 759 1285 ἕκαστος]
780 1233 967 1272 Adverte
996 1231 1174 1271 relatum
1199 1229 1253 1270 ad
1277 1231 1419 1281 ἡγεῖτο,
1443 1246 1537 1279 11011,
1560 1233 1669 1284 (1110(1
1692 1231 1784 1285 quis

276 1293 501 1341 exspectet,
533 1289 587 1328 ad
619 1289 779 1328 πείθειν.
841 1288 1001 1327 Εο(16111
1026 1287 1149 1326 modo
1170 1286 1276 1325 infra
1298 1301 1332 1326 v.
1359 1287 1422 1326 28.
1445 1287 1624 1328 relatum
1645 1293 1707 1328 est
1729 1287 1784 1327 ad

276 1345 357 1396 ἔχῃ,
381 1358 463 1384 11011
484 1345 537 1384 ad
558 1344 706 1396 λέγειν.
740 1344 989 1385 SCHAEF.

338 1414 458 1451 1444,
484 1413 547 1439 21.
576 1399 924 1453 βεβουλευμένων]
950 1399 993 1439 Si
1022 1399 1078 1438 sic
1099 1402 1242 1438 manet
1273 1396 1359 1437 sine
1389 1399 1567 1439 articulo
1595 1403 1682 1448 τῶν,
1705 1399 1785 1439 erit

277 1456 549 1495 masculinum
571 1461 613 1496 et
634 1456 909 1496 subaudietur
932 1458 1050 1505 ὑμῶν.
1092 1468 1275 1494 accusare
1297 1468 1371 1502 vos,
1394 1455 1464 1508 qui
1493 1455 1657 1494 consilia
1684 1469 1784 1509 cepe-

277 1512 370 1551 ritis
396 1518 511 1565 atque
544 1512 803 1552 decreveritis.
864 1512 936 1551 Sin
969 1516 1112 1551 autem
1146 1514 1221 1550 τῶν
1256 1515 1550 1564 praeponatur,
1583 1515 1672 1550 111111
1705 1511 1784 1550 erit

277 1567 465 1607 neutrius
485 1567 649 1621 generis
671 1573 713 1607 et
735 1568 984 1622 significabit
1005 1567 1047 1607 ob
1063 1567 1229 1606 decreta.
1264 1566 1458 1606 REISK.
1501 1566 1699 1606 Neutrius
1720 1571 1785 1606 cst

277 1623 450 1677 generis,
485 1623 647 1663 etiamsi
678 1625 878 1664 articulus
909 1638 991 1663 non
1021 1628 1317 1676 praeponatur.
1378 1623 1464 1662 Nec
1501 1622 1707 1676 significat
1741 1622 1785 1662 ob

276 1680 440 1728 elacrem,
464 1679 536 1719 sed
557 1680 722 1720 decreta.
775 1680 829 1719 V.
852 1695 891 1733 p.
907 1693 1026 1733 1443.
1049 1681 1110 1718 16.
1145 1678 1395 1719 SGHAEF.

339 1749 458 1787 1444,
478 1747 541 1776 22.
565 1738 837 1787 συκοφαντῶν]
864 1736 979 1775 Conf.
1003 1735 1053 1774 de
1074 1748 1211 1774 coron.
1235 1750 1274 1788 p.
1295 1747 1388 1787 291,
1411 1736 1473 1773 16.
1507 1733 1678 1772 DOBR.

338 1802 458 1844 1445,
475 1803 512 1841 7.
535 1791 606 1843 οὐχ
628 1793 832 1844 ὥσπερ-]
862 1791 914 1831 V.
932 1790 1201 1831 Heindorfius
1222 1791 1276 1832 ad
1300 1790 1463 1830 Platon.
1482 1789 1610 1843 Gorg.
1634 1804 1674 1842 p.
1692 1801 1785 1843 259.

279 1847 527 1887 SOHAEF.

337 1902 418 1956 καὶ]
443 1904 503 1942 καὶ
524 1908 620 1956 post
641 1905 747 1954 ἡμεῖς
769 1904 949 1944 deletum
970 1903 1120 1944 malim.
1155 1902 1401 1943 SCHAEF.

338 1970 458 2012 1445,
479 1959 515 1998 8.
539 1959 665 1999 πάντα
687 1962 942 2010 ἀνηλώκαμεν
963 1961 1032 1999 τὸν
1054 1961 1214 2012 χρόνον]
1241 1958 1357 1999 Conf.
1382 1957 1551 2011 Olynth.
1577 1957 1632 1995 Π.
1655 1973 1695 2011 p.
1718 1968 1784 2010 25,

282 2015 344 2053 18.
378 2015 548 2054 DOBR.

339 2082 458 2125 1445,
483 2086 521 2125 9.
545 2071 702 2124 ποιήσῃ]
727 2072 890 2111 Scilicet
911 2072 1138 2123 ψηφίσματι
1161 2070 1444 2120 ἐπικυρωθέντι.
1478 2067 1727 2108 SOHAEF.

340 2138 459 2180 1445,
486 2141 549 2166 10.
572 2128 687 2180 λέγῃ]
715 2128 905 2167 Suadam.
939 2126 1188 2168 SCHAEF.

340 2195 458 2235 1445,
485 2196 546 2234 13.
588 2183 900 2237 τί-παραινεῖς]
939 2183 1152 2222 Delendae
1185 2179 1552 2220 subdistinctiones
1586 2183 1681 2231 post
1717 2180 1785 2218 οὖν

279 2241 323 2276 et
356 2240 469 2276 εἴποι.
523 2238 575 2276 V.
610 2238 852 2278 Erfurdtius
884 2239 937 2278 ad
977 2238 1166 2291 Sophocl.
1206 2236 1309 2275 Oed.
1343 2236 1390 2274 T.
1425 2247 1517 2288 929.
1550 2234 1647 2274 edit.
1683 2234 1781 2273 111111.

281 2293 529 2332 SCHAEF.

340 2360 460 2403 1445,
486 2360 544 2401 17.
570 2351 673 2400 παρὰ
694 2349 809 2402 τὸ-]
832 2350 1050 2402 Propterea
1073 2348 1243 2401 quod—.
1276 2345 1527 2386 SCHAEF.

341 2418 460 2456 1445,
482 2406 544 2444 18.
577 2405 643 2444 οὐκ
666 2405 819 2444 ἐθέλειν
841 2405 1011 2457 ἀκούειν]
1049 2404 1090 2443 Si
1120 2403 1383 2442 Prooemium
1405 2402 1481 2441 hoc
1499 2405 1562 2440 est
1583 2401 1785 2441 orationis

280 2475 374 2500 vere
415 2461 597 2508 habitae,
635 2460 695 2512 (id
729 2461 838 2513 quod
872 2459 1130 2499 verisimilius
1165 2460 1301 2512 1)1110,)
1336 2459 1582 2497 turbaverat
1617 2471 1783 2504 corona,

280 2521 503 2570 antequam
534 2516 837 2556 Demosthenes
868 2517 926 2555 sic
957 2516 1191 2556 ordiretur:
1226 2515 1288 2553 sin
1315 2528 1473 2553 merum
1502 2517 1564 2552 est
1595 2527 1785 2567 progym-

280 2586 436 2619 nasma.
459 2572 578 2625 ponit
599 2577 742 2612 orator
762 2573 978 2612 turbatum
999 2586 1100 2610 esse.
1166 2571 1283 2610 Haec
1309 2584 1455 2610 caussa
1476 2573 1540 2608 est
1566 2583 1638 2608 eur
1658 2568 1785 2621 scrip-

281 2634 370 2667 tum
400 2628 454 2668 sit
482 2629 559 2675 οὐκ,
584 2643 665 2667 11011
689 2629 798 2681 quod
822 2629 1000 2668 fortasse
1022 2632 1235 2680 exspectes
1255 2626 1319 2676 μή.
1374 2626 1488 2665 Conf.
1510 2640 1549 2677 p.
1572 2626 1691 2676 1446,
1717 2635 1781 2677 25.

282 2683 532 2723 SGHAEF.

342 2750 463 2793 1445,
490 2752 552 2779 22.
578 2738 751 2792 βραχέα]
776 2740 905 2790 ὀλίγα.
939 2738 1182 2778 SCHAEF.

343 2809 462 2847 1445,
490 2798 553 2835 26.
590 2799 654 2834 τοῦ
691 2796 986 2849 φειάκίζεσθαι]
1026 2794 1117 2832 Non
1154 2798 1294 2846 potest
1324 2792 1482 2845 passive
1513 2795 1579 2830 sat
1610 2790 1783 2843 exprimi

283 2851 506 2890 commode.
549 2850 771 2904 decipiendi
793 2851 908 2890 vestrl
939 2857 1096 2903 tempus,
1121 2849 1161 2888 id
1192 2854 1267 2897 est.
1294 2854 1334 2887 at
1358 2863 1420 2887 ‘ros
1441 2847 1714 2899 dccfflamini.
1749 2846 1785 2884 si

282 2921 396 2960 qnam
421 2907 624 2947 me'm'mmn
651 2906 731 2946 illis
752 2907 922 2958 spatium
947 2905 1172 2958 decipientia·
1193 2920 1255 2945 eos
1275 2903 1470 2944 dederitis.
1496 2902 1676 2942 WOLF.
