1935 3200
953 603 1084 649 LVI.

634 733 717 784 IN
760 730 1405 784 DIONYSODORUM.

323 992 387 1031 DE
422 996 611 1044 tempore
646 991 768 1044 hujus
804 990 1005 1031 orationis
1041 994 1208 1029 tantum
1245 992 1424 1037 constat,
1462 987 1650 1028 habitam
1686 1001 1774 1027 esse

264 1052 360 1101 post
382 1047 544 1102 Olymp.
567 1059 657 1094 112,
685 1061 719 1087 2.
783 1047 836 1086 V.
858 1047 912 1087 ad
933 1061 972 1099 p.
992 1046 1112 1100 1285,
1135 1060 1174 1100 3.

737 1180 792 1219 In
812 1184 1089 1233 aryzimentum
1110 1175 1291 1216 Libaniz'.

324 1247 443 1294 1282,
466 1260 501 1286 1.
535 1248 718 1297 Δαρεῖος]
761 1245 810 1285 F.
829 1245 999 1296 Ἂρειος.
1061 1244 1187 1283 Unde
1222 1257 1319 1282 vero
1358 1242 1558 1282 Libanius
1598 1242 1775 1282 hominis

263 1315 467 1356 nusquam
488 1302 530 1341 in
552 1302 742 1342 oratione
763 1301 964 1341 nominati
987 1314 1137 1340 nomen
1158 1299 1350 1339 rescivit?
1396 1298 1432 1338 E
1454 1299 1773 1347 commentariis,

262 1358 421 1411 opinor,
444 1363 631 1398 veterum
653 1357 1002 1404 Delnosthenieis‚
1026 1370 1132 1410 quae
1163 1355 1301 1395 invida
1331 1359 1449 1395 aetas
1480 1355 1598 1395 nobis
1619 1356 1775 1395 dudum

263 1414 427 1468 eripuit.
471 1413 721 1454 SOHAEF.
783 1413 902 1454 Darii
932 1427 1083 1453 nomen
1108 1411 1259 1465 legitur
1280 1411 1321 1451 in
1343 1411 1646 1465 subscriptione
1666 1411 1775 1452 eodi-

263 1484 356 1510 eum
378 1470 425 1510 B.
442 1470 483 1510 S.
532 1470 629 1510 vid.
651 1475 795 1511 annot.
819 1470 911 1510 erit.
931 1470 985 1509 ad
1007 1485 1046 1523 p.
1066 1483 1079 1508 1
1093 1468 1184 1522 298,
1207 1482 1246 1519 4.

327 1597 443 1645 1282,
466 1609 497 1636 1.
525 1598 720 1638 Κοινωνός
749 1596 842 1648 εἰμι]
882 1593 1137 1648 Intelligitur
1166 1593 1244 1633 hoo
1271 1608 1293 1633 e
1319 1608 1360 1647 p.
1380 1594 1503 1645 1284,
1528 1607 1593 1636 21.
1654 1594 1774 1634 Ordi-

262 1657 334 1692 tur
363 1658 504 1693 autem
535 1667 659 1692 orans
689 1653 742 1692 ab
768 1651 832 1691 his
853 1651 1000 1697 verbis,
1022 1650 1134 1703 quod
1164 1664 1313 1689 nomen
1344 1650 1433 1702 ejus
1463 1649 1505 1689 in
1536 1650 1774 1704 syngrapha

263 1708 464 1762 seriptum
485 1723 567 1747 non
589 1712 712 1748 esset.
758 1707 812 1746 V.
837 1707 861 1746 l.
885 1721 918 1746 e.
963 1706 1218 1746 SOHAEF.

323 1766 444 1813 1282,
470 1777 505 1805 2.
535 1767 631 1804 κατὰ
659 1764 857 1803 θάλατταν
878 1763 947 1812 τὴν
969 1763 1172 1813 ἐργασίαν]
1210 1761 1258 1801 F.
1281 1762 1349 1810 τὴν
1372 1763 1468 1801 κατὰ
1496 1761 1695 1801 θάλατταν
1715 1763 1774 1812 ε’ρ-

263 1821 421 1871 γασίαν.
463 1823 528 1870 τῆς
549 1821 859 1871 ἐργασίας-τῆς
881 1821 976 1858 κατὰ
998 1818 1196 1857 θάλατταν
1217 1832 1256 1871 p.
1281 1818 1374 1871 893,
1396 1830 1460 1857 21.
1504 1817 1754 1858 SOHAEF.

324 1877 444 1931 1283,
472 1891 510 1931 3.
542 1875 926 1928 γραμματιδίῳ--καὶ
955 1876 1157 1927 βιβλιδίῳ]
1193 1875 1472 1925 γραμματίδιον
1499 1879 1542 1913 et
1571 1874 1774 1924 βιβλίδιον

264 1933 471 1985 quomodo
508 1932 734 1971 differunt?
791 1930 973 1970 Videtur
1009 1930 1186 1970 alterum
1226 1929 1316 1983 ipsa
1352 1930 1595 1969 membrana
1632 1929 1774 1977 fuisse,

264 1988 306 2027 in
345 2003 427 2041 qua
466 1988 635 2028 tabulae
676 1991 917 2027 contractus
958 1991 1243 2033 exararentur,
1285 1985 1463 2025 alterum
1502 1985 1771 2026 involuerum.

264 2043 458 2084 REISK.
520 2044 684 2084 Ambae
704 2058 836 2089 voces.
865 2042 1023 2096 opinor,
1056 2056 1183 2080 unum
1215 2042 1405 2095 idemque
1435 2041 1694 2096 significant:
1726 2046 1775 2081 ut

265 2099 319 2139 sit
344 2100 603 2140 abundantia
629 2099 835 2152 loquendi,
868 2099 940 2138 sed
973 2097 1157 2138 oratoria
1187 2098 1268 2145 illa,
1292 2112 1374 2150 quo
1407 2097 1538 2151 magis
1570 2103 1775 2150 appareat

264 2155 399 2195 vilitas
420 2155 490 2202 rei,
510 2170 615 2208 quae
636 2169 711 2208 pro
731 2155 850 2194 bonis
871 2153 1006 2193 numis
1028 2154 1163 2193 datur.
1214 2154 1456 2206 Eodemque
1477 2153 1564 2206 ipse
1580 2153 1774 2193 Reiskius

264 2211 388 2250 modo
414 2211 577 2250 videtur
606 2210 867 2257 intellexisse,
900 2224 993 2249 eum
1026 2209 1224 2249 scriberet
1254 2213 1399 2248 notam
1428 2209 1482 2248 ad
1507 2224 1545 2262 p.
1567 2222 1686 2259 1401,
1706 2212 1770 2249 18.

267 2266 519 2305 SOHAEF.

327 2323 447 2374 1283,
472 2322 508 2360 8.
533 2321 575 2360 τὸ
597 2321 784 2373 βέβαιον]
824 2320 917 2359 Hoc
947 2320 980 2359 si
1011 2320 1206 2359 cohaeret
1235 2333 1329 2359 eum
1354 2318 1564 2370 προϊέμεθα
1584 2324 1628 2360 et
1652 2334 1772 2373 pecu-

266 2377 377 2417 niam
400 2377 619 2431 significat,
642 2391 765 2429 quain
788 2376 878 2428 quis
911 2375 952 2414 in
982 2375 1173 2415 manibus
1199 2375 1338 2421 habet,
1362 2379 1452 2414 tum
1473 2380 1585 2416 stare
1608 2376 1773 2429 quidem

265 2438 405 2486 potest
422 2433 590 2486 vulgata
612 2431 825 2471 distinctio
849 2433 1239 2485 (τῷ-πιστεύοντες,
1264 2432 1324 2470 καὶ
1346 2433 1384 2470 τί
1410 2432 1619 2480 λαβόντες,
1641 2433 1684 2472 τὸ
1704 2433 1772 2482 βέ-

264 2494 383 2539 βαιον
404 2490 614 2538 προϊέμεθα
627 2489 657 2538 ;)
681 2488 754 2527 sed
774 2501 849 2540 pro
870 2488 1066 2535 λαβόντες
1090 2487 1309 2540 legendum
1334 2487 1414 2526 erit
1442 2489 1644 2536 μαθόντες.
1693 2503 1773 2542 qua

265 2545 312 2584 de
338 2559 488 2593 caussa,
512 2559 584 2598 quo
614 2544 706 2583 moti
732 2558 751 2583 e
779 2541 960 2582 manibus
989 2549 1135 2582 certum
1160 2542 1399 2582 dimittimus
1420 2557 1499 2596 pro
1519 2543 1681 2592 incerto,
1701 2559 1772 2584 nu-

263 2615 343 2640 mos
356 2607 581 2652 praesentes
598 2614 675 2652 pro
695 2613 759 2652 spe
779 2597 902 2638 dubia
916 2600 934 2637 ,9
978 2598 1051 2637 Sin
1071 2603 1213 2638 autem
1233 2599 1444 2648 προϊέμεθα
1463 2613 1539 2652 per
1558 2613 1601 2638 se
1621 2604 1709 2640 stat
1730 2605 1773 2640 et

265 2656 323 2696 sie
355 2657 464 2695 nude
494 2662 740 2708 usurpatum
761 2658 825 2693 est
854 2668 930 2706 pro
960 2654 1172 2703 προϊέμεθα
1193 2654 1236 2693 τὸ
1258 2653 1442 2704 ἡμέτερον
1464 2656 1658 2705 ἀργύριον,
1681 2660 1773 2695 tum

265 2712 468 2751 mutanda
489 2711 569 2751 erit
591 2710 803 2750 distinctio
824 2709 877 2749 ad
899 2709 1006 2748 hunc
1027 2710 1219 2748 niodum:
1253 2711 1291 2749 τί
1309 2711 1503 2759 λαβόντες
1523 2710 1566 2749 τὸ
1587 2711 1770 2760 βέβαιον,

264 2767 499 2817 προϊέμεθα;
534 2767 729 2820 quodnam
755 2779 877 2818 fremis
905 2765 1129 2804 securitatis
1155 2765 1215 2804 vel
1237 2765 1432 2805 cautionis
1452 2765 1588 2818 adepti
1606 2767 1772 2806 dimitti-

263 2836 349 2861 mus
373 2829 519 2862 nostros
545 2836 678 2862 ‘nmmos
693 2823 711 2860 ἓ
746 2820 940 2860 REISK.
1004 2820 1217 2860 Posterius
1239 2834 1392 2860 verum.
1454 2820 1565 2860 Satis
1586 2822 1771 2862 ostendit

267 2878 376 2930 quod
409 2877 560 2931 legitur
585 2893 625 2931 p.
648 2878 770 2929 1287,
794 2889 857 2928 25.
890 2877 930 2915 τί
956 2878 1030 2927 γὰρ
1062 2877 1218 2927 ἔχοντες
1250 2875 1438 2925 δίκαιονῆ
1469 2877 1508 2915 τί
1535 2876 1578 2915 τὸ
1610 2878 1772 2930 ἰσχυρὸν

268 2933 562 2983 ἀντιδικήσομεν
576 2950 655 2977 -;
693 2932 941 2972 SCHAEF.
