1920 3241
497 139 817 179 ADVERSUS
851 138 1152 179 Al’HOBUM
1192 140 1222 178 l.
1519 141 1626 182 1047

110 245 312 285 absonum
349 243 445 284 fimi
481 250 557 293 (st,
595 245 916 284 Demosthenem
947 245 1035 284 1010
1072 250 1119 284 ut
1152 245 1261 284 bona
1297 259 1337 297 p
1338 252 1396 284 ιι(
1400 259 1475 285 rn‘t
1505 261 1530 286 ιι
1563 252 1624 286 tu

109 302 271 340 toribus
302 301 506 354 reciperet
536 307 774 364 spcrzemttm
806 301 1009 353 magistro
1040 300 1358 354 spectatissimo
1388 302 1456 355 qui
1489 306 1626 342 totum

110 372 200 397 seso
231 358 320 410 ejus
352 357 605 398 institutioni
637 362 677 397 tr
679 358 837 402 ιμιιίιιρι
867 357 1041 411 decuplo
1070 357 1269 409 lnajoiem
1299 372 1501 398 summam
1534 374 1626 412 pro-

109 413 269 453 misisse
304 428 428 467 quam
470 414 593 453 lsom
585 418 676 454 ates
710 414 980 467 poposcisset.
1044 413 1229 453 Vixdum
1266 414 1626 467 initurarc>l10nu

111 470 302 524 I'olyzclo
331 470 394 510 ()l.
419 484 510 524 103,
536 482 571 510 ει.
603 469 888 524 ‹hiodcviginti
916 484 1048 510 annos
1078 476 1202 510 natus
1232 485 1372 511 mense
1405 471 1625 525 Seii-opho-
1672 465 1682 478 ⁵

108 526 223 566 rionc
239 535 257 554 ¹¹
288 527 349 566 sui
377 526 482 579 juris
510 528 646 567 factus
677 532 780 575 crat,
809 541 902 566 cum
930 526 1041 567 bona
1071 531 1249 580 paterna
1273 542 1300 567 a
1324 528 1535 568 tutoribus
1564 544 1625 569 rc—

108 583 232 636 pctiit
253 587 295 623 ct
323 583 698 623 administrationis
721 583 925 623 rationem
954 583 1193 637 postulavit.
1255 584 1376 635 Quod
1400 598 1492 623 cum
1515 590 1625 625 tuto-

110 653 177 679 res
208 640 496 694 denegassent,
530 640 611 679 duo
643 639 808 693 quidem
844 644 1064 692 sequentes
1095 639 1207 688 anni,
1239 640 1309 692 qui
1342 640 1625 694 Cephisodoro

110 699 153 735 ct
175 695 333 736 Chione
359 696 632 736 archontibus
660 695 955 743 inscribuntur,
979 695 1322 735 altercationibus
1350 698 1507 737 frustra
1532 712 1626 737 con-

109 752 264 806 sumpti
279 760 306 801 0,
336 752 377 791 id
406 753 515 805 quod
544 766 626 791 non
654 757 742 792 tam
770 751 1022 791 humanitati
1046 752 1340 792 Demosthenis
1366 768 1490 805 quam
1518 754 1626 794 calli-

109 807 234 848 ditati
263 812 451 849 tutorum
480 808 697 848 tribuerim
713 817 759 854 νς
794 810 973 847 fortasse
1002 808 1306 848 Demosthenes
1338 809 1425 862 ipsc
1456 825 1624 863 exspec-

109 864 285 904 tandum
312 865 389 905 sibi
415 879 503 905 esse
531 865 653 904 duxit
681 864 811 903 donec
837 865 1038 917 majorem
1066 869 1214 904 nactus
1243 870 1352 906 essct
1380 865 1422 904 in
1451 865 1625 907 dicendo

108 925 376 974 potestatem.
440 921 608 962 Interea
629 926 783 968 tamen,
807 920 868 960 uti
894 934 983 959 mos
1005 925 1109 970 erat,
1131 920 1302 961 arbitris
1326 936 1413 961 rem
1434 921 1626 963 dirimen-

109 977 206 1017 dam
235 978 402 1017 tradere
431 977 600 1031 placuit.
662 978 725 1017 Ac
754 976 933 1030 primum
961 976 1128 1029 quidem
1157 991 1251 1016 cum
1276 978 1456 1031 Aphobo
1485 993 1625 1019 coram

110 1033 284 1087 privatis
311 1033 483 1074 arbitris
510 1039 650 1074 actum
673 1038 798 1079 (st<l;
833 1033 910 1072 hoc
933 1047 1028 1073 xero
1050 1033 1268 1086 Aphobus,
1291 1048 1383 1073 cum
1412 1049 1493 1074 non
1516 1042 1627 1076 essct

108 1104 134 1129 ιι,
154 1104 203 1143 pl
206 1089 413 1131 natorum
440 1090 525 1130 sivo
554 1088 1011 1144 compromissarimum
1038 1089 1172 1130 ‘ubltl
1175 1104 1293 1129 mum
1321 1091 1531 1131 sententia
1554 1107 1627 1146 ap-

107 1146 201 1199 pellz
202 1146 277 1186 itio
293 1156 316 1195 s,
338 1147 391 1186 ab
414 1145 472 1186 eis
493 1151 635 1186 autem
657 1160 699 1186 so
725 1145 1078 1186 condemnatum
1068 1146 1117 1184 1ri
1139 1150 1361 1195 metueret,
1383 1147 1626 1201 priusquam

107 1202 360 1243 sententiam
380 1203 537 1242 ferrent-
558 1202 608 1242 (le
601 1202 767 1242 sciuit³
790 1207 831 1242 ct
854 1202 1065 1255 publicum
1085 1202 1293 1242 albitium
1317 1203 1449 1250 adiit3
1484 1219 1626 1244 verum

123 1259 163 1299 ab
193 1259 271 1299 hoc
301 1274 465 1312 quoque
493 1259 721 1299 damnatot
742 1257 845 1297 nihil
873 1258 985 1298 aliud
1013 1257 1204 1298 relictum
1233 1264 1325 1299 crat
1353 1274 1479 1312 quam
1500 1266 1548 1301 ut
1572 1262 1626 1301 ad

109 1315 365 1355 ordinarium
381 1315 583 1369 judicium
605 1319 864 1368 provocaret.
908 1314 1054 1368 Itaque
1075 1315 1203 1354 tertio
1225 1315 1389 1355 demum
1411 1331 1436 1356 a
1458 1322 1626 1370 sumpta

109 1371 215 1411 virili
255 1376 359 1424 toga
398 1386 509 1412 anno
552 1371 857 1411 Demosthenes
905 1371 1163 1419 archontem,
1205 1372 1270 1410 cui
1310 1386 1473 1412 summa
1513 1375 1626 1426 apud

109 1427 390 1468 Athenienses
430 1442 569 1467 rerum
610 1427 853 1467 tutelarium
894 1427 1085 1467 custodia
1126 1427 1286 1468 tradita
1326 1434 1419 1468 erat
1434 1438 1465 1475 υ,
1507 1430 1625 1470 adiit.

110 1484 193 1523 Sed
225 1484 388 1524 interea
417 1484 516 1523 dum
546 1483 750 1524 anacrisis
788 1483 1024 1523 instituitur
1058 1488 1101 1523 et
1132 1483 1295 1524 intento
1327 1485 1382 1524 ad
1415 1490 1627 1526 certamen

108 1539 248 1580 animo
289 1540 595 1581 Demosthenes
635 1540 867 1579 orationem
908 1545 1148 1593 praeparat,
1189 1554 1238 1579 en
1287 1555 1414 1580 novas
1454 1541 1626 1583 insidias

104 1596 245 1649 juveni
267 1601 430 1636 tutores
457 1600 626 1636 struunt
653 1600 782 1649 atque
808 1600 1039 1635 extremam
1066 1595 1291 1648 perniciem
1318 1596 1517 1649 singulari
1539 1613 1626 1639 ma—

110 1651 302 1707 lignitate
332 1653 571 1693 moliuutur.
635 1652 802 1692 Scilicet
829 1652 895 1691 lex
926 1656 1017 1692 erat
1045 1651 1239 1699 Athenis,
1268 1667 1319 1691 ex
1348 1650 1442 1705 qua,
1472 1654 1541 1706 qui
1571 1656 1625 1694 ad

108 1709 405 1762 praestandam
430 1708 642 1762 liturgiam
670 1707 819 1761 injuria
848 1707 1063 1761 provocari
1090 1707 1166 1747 sibi
1193 1707 1415 1757 videretur,
1438 1709 1506 1749 alii
1532 1710 1626 1750 diti-

109 1765 171 1804 ori
199 1766 403 1805 bonorum
432 1764 781 1818 permutationem
809 1763 956 1804 offerre
983 1769 1140 1817 posset,
1162 1779 1268 1817 quae
1295 1764 1356 1805 ita
1382 1773 1627 1819 comparata

109 1826 213 1870 erat,
235 1827 283 1862 ut
304 1836 387 1861 non
408 1821 540 1861 solum
561 1822 672 1861 bona.
696 1820 788 1874 ipsa
815 1820 1000 1874 exceptis
1026 1820 1206 1860 metallis
1227 1821 1377 1867 onmia,
1400 1822 1473 1861 sed
1498 1823 1626 1863 etiam

105 1877 202 1931 jura
233 1877 353 1919 bonis
388 1877 660 1925 inhaerentia,
695 1876 834 1930 qualia
869 1881 968 1916 sunt
1004 1876 1239 1916 debitorum
1273 1877 1626 1931 creditorumque,

110 1933 231 1974 simul
252 1935 306 1974 ab
328 1948 410 1974 uno
435 1934 490 1975 ad
517 1933 697 1974 alterum
717 1932 948 1973 transirent
963 1940 994 1971 Χ.
1058 1932 1207 1985 Itaque
1229 1933 1367 1986 paullo
1395 1939 1494 1974 ante
1516 1935 1626 1974 diem

153 2078 173 2095 ¹1
191 2073 284 2103 Dem.
299 2083 324 2102 c.
339 2072 436 2103 Onet.
455 2082 480 2102 1.
497 2083 525 2112 p.
541 2072 614 2102 868.
646 2072 715 2103 Hoc
730 2083 838 2103 mense

114 2116 148 2145 ἐν
163 2114 375 2155 ἀρχαιρεσίαις
395 2125 513 2151 omnes,
530 2116 583 2153 qui
599 2125 636 2145 eo
652 2126 737 2145 anno
753 2122 838 2145 aeta-

905 2071 1026 2102 τούτων
1049 2070 1218 2102 ἐνεκάλουν
1235 2072 1439 2110 δοκιμασθείς,
1458 2072 1576 2112 ἔλαχον
1595 2072 1627 2102 δὲ

905 2114 964 2150 τὴν
981 2114 1069 2150 δίκην
1086 2114 1135 2144 ἐπὶ
1151 2113 1369 2154 Τιμοκράτους.

110 2163 175 2188 tem
206 2158 342 2194 virilem,
373 2168 496 2187 annum
533 2158 835 2194 duodevicesimum,

111 2200 196 2230 nacti
219 2206 333 2236 essent,
351 2200 383 2229 iu
406 2200 513 2229 album
537 2200 703 2229 curialium
726 2200 835 2229 inscri-

110 2248 180 2282 ptos
196 2253 231 2272 ac
252 2243 299 2271 sui
320 2243 401 2281 juris
418 2243 516 2272 factos
538 2252 603 2272 esse
623 2243 783 2281 colligitur
798 2253 837 2272 ex

114 2285 195 2315 Isaei
214 2295 262 2314 or.
281 2286 311 2314 d.
329 2285 435 2315 hered.
453 2284 599 2323 Apollod.
618 2295 650 2323 p.
669 2284 721 2320 66,
740 2292 787 2322 15.
806 2293 838 2315 et

112 2327 206 2358 Dem.
227 2339 252 2357 c.
271 2327 386 2358 Leoch.
410 2338 440 2366 p.
460 2336 550 2368 ¹09⁶·
597 2328 649 2356 L'x
671 2338 734 2366 quo
756 2328 834 2357 effici

110 2376 148 2400 ut
170 2376 264 2400 natus
287 2370 326 2400 sit
351 2369 579 2400 Demosthenes
599 2369 651 2399 Ol.
669 2370 720 2407 98,
737 2379 766 2406 4.
783 2380 833 2399 ac-

110 2413 253 2442 curatius
267 2413 483 2442 demonstrare
499 2412 605 2441 studui
620 2412 652 2441 in
666 2418 832 2442 comment.

111 2455 282 2495 praemissa
298 2455 458 2485 Plutarchi
475 2455 548 2485 vitis
572 2455 638 2484 dec.
655 2461 732 2484 orat.
751 2465 769 2484 a
784 2465 835 2484 me

110 2497 202 2528 editis
218 2508 247 2537 p.
266 2506 317 2527 2¹.
350 2497 461 2534 Quare
476 2497 527 2526 hic
544 2496 624 2526 nihil
641 2498 754 2526 addam
772 2497 832 2526 nisi

111 2541 193 2579 quod
213 2540 252 2569 ad
272 2541 449 2570 eruendum
471 2549 594 2569 annum
611 2539 834 2569 Demosthenis

111 2582 248 2612 natalem
265 2583 372 2612 eodem
389 2588 538 2620 tempore,
555 2592 617 2620 quo
633 2582 694 2611 ista
712 2582 830 2621 scripsi,

111 2626 220 2655 eadem
251 2625 345 2663 plane
375 2624 650 2663 argumentatione
680 2634 757 2654 usus
787 2630 833 2654 est

113 2667 319 2697 Thirlwallus
340 2667 372 2696 in
390 2667 445 2697 the
462 2666 665 2705 Philological
682 2666 833 2696 Museum

116 2710 206 2748 1833.
226 2709 267 2738 N.
283 2709 323 2738 V.
341 2720 371 2748 p.
391 2710 451 2748 389
469 2719 552 2748 seqq.
598 2709 663 2746 [De
678 2719 763 2738 anno
780 2718 835 2737 na-

112 2751 167 2781 tali
199 2751 424 2782 Demosthenis
454 2761 485 2780 v.
518 2753 554 2780 C.
584 2751 622 2780 F.
654 2751 833 2781 Hermanni

112 2794 410 2824 commentationem
442 2803 539 2832 quam
576 2793 835 2823 annotationibus

113 2836 146 2865 in
182 2836 356 2866 orationem
388 2836 567 2865 Midianam
605 2836 834 2875 praemisimus.

114 2878 154 2907 G.
174 2877 413 2916 DINDORR]

157 2925 175 2942 ⁰
192 2920 228 2950 C.
246 2920 340 2950 Onet.
365 2929 390 2949 ῐ.
407 2930 436 2959 p.
453 2919 527 2950 868.
548 2918 629 2956 μετὰ
642 2917 747 2949 τοίνυν
762 2919 835 2948 τοῦ·

113 2974 170 2992 τον
185 2962 241 2992 τὸν
262 2961 403 3000 ἄρχοντα
420 2961 650 3000 Κηφισόδωρος,
667 2960 757 2990 Χίων.
785 2960 834 2990 ἐπὶ

948 2162 965 2185 Ι)
997 2158 1144 2196 Apparet
1177 2158 1257 2187 lenis
1293 2168 1473 2197 aequusque
1502 2161 1628 2187 annuus

906 2200 1134 2237 Demosthenis,
1159 2201 1214 2238 qui
1239 2204 1333 2229 [olum
1359 2201 1517 2229 biennium
1547 2201 1630 2229 nihil

905 2243 996 2271 aliud
1022 2252 1114 2280 quam
1148 2240 1299 2277 ἐνεκάλει,
1330 2243 1433 2271 omnia
1464 2245 1628 2281 emperIens

905 2290 940 2313 ut
956 2294 1069 2314 caussa
1084 2286 1168 2314 inter
1184 2288 1297 2314 amicos
1318 2295 1481 2324 coramque
1500 2287 1629 2314 arbitris

904 2328 1142 2365 disceptaretur.
1167 2327 1286 2356 Bremi.

945 2370 1014 2398 q(
1032 2369 1158 2408 Aphob.
1177 2378 1200 2398 Ι.
1222 2380 1251 2408 p.
1266 2370 1338 2407 817.

946 2411 1058 2440 rude
1073 2411 1172 2450 legem
1190 2421 1238 2450 ap
1254 2411 1348 2441 Dem.
1363 2421 1389 2441 c
1405 2411 1487 2440 Mid.
1505 2422 1534 2450 p.
1552 2420 1591 2450 54
1595 2421 1610 2449 5

901 2454 1329 2484 cf.HUDTWALCK1-:13.de
1352 2454 1494 2484 diaetetis
1517 2465 1546 2494 p.
1569 2453 1627 2492 176

900 2507 966 2536 sqq·

945 2545 958 2563 S
978 2538 1012 2568 C.
1032 2538 1159 2577 Aphob.
1176 2547 1207 2576 3.
1223 2549 1252 2577 p.
1267 2537 1340 2568 861.

943 2582 957 2604 t
972 2580 1008 2610 C.
1024 2580 1152 2619 Aphob.
1170 2590 1195 2610 1.
1213 2592 1244 2620 p.
1259 2580 1321 2610 828
1339 2591 1382 2620 sq.

944 2630 964 2647 u
989 2623 1024 2653 C.
1044 2622 1142 2653 Onet.
1161 2632 1186 2651 1.
1214 2634 1243 2662 p.
1264 2622 1335 2661 865.
1370 2622 1480 2659 Quare
1505 2625 1529 2652 si
1555 2624 1624 2661 quis

900 2665 1050 2695 intestato
1071 2670 1220 2695 mortuus
1240 2671 1330 2702 esset,
1347 2665 1489 2695 archonti
1506 2671 1625 2695 tutores

901 2708 1103 2746 impuberum
1126 2707 1338 2738 constituendi
1363 2713 1464 2737 erant.
1512 2707 1624 2737 Pollux

902 2749 933 2786 8,
950 2751 1001 2787 89.

944 2796 963 2814 X
987 2791 1044 2822 Or.
1069 2801 1095 2822 c.
1120 2791 1295 2831 Phaenipp.
1319 2801 1348 2830 p.
1372 2800 1461 2839 1044.
1500 2791 1622 2820 Eorum

902 2834 1095 2882 opinionem,
1117 2834 1170 2872 qui
1193 2834 1331 2872 cujusvis
1353 2833 1476 2871 generis
1496 2832 1564 2863 lites
1588 2833 1621 2862 in

902 2876 1136 2925 permutatione
1158 2876 1279 2905 abnuo
1301 2876 1341 2904 ad
1361 2874 1496 2904 alterum
1519 2881 1621 2905 trans

902 2919 974 2949 iisse
1011 2918 1239 2955 existimarent,
1270 2917 1421 2947 refutavit
1460 2917 1617 2947 Botcxn.

903 2960 1022 2991 Oecon.
1039 2959 1118 2989 Ath.
1136 2959 1196 2989 vol.
1216 2968 1243 2988 2.
1260 2969 1290 2997 p.
1310 2967 1368 2994 124
1382 2968 1427 2997 sq.

1023 3002 1091 3040 132
