1935 3200
292 120 401 160 1140
620 119 942 162 ADVERSUS
977 122 1453 165 PANTAENETUM.

286 238 386 279 quae
407 224 636 266 haberemus
660 227 715 278 (h.
740 241 774 268 0.
796 227 840 266 τὸ
869 227 1125 278 ἐργαστήριον
1148 229 1209 268 καὶ
1231 229 1277 267 τὰ
1305 228 1541 279 ἀνδράποδα)
1566 227 1685 268 1111ιῖίο
1707 228 1804 281 plus

286 281 416 322 valere
435 296 554 335 quam
571 283 784 335 pecuniam
806 284 1047 323 Pantaeneto
1068 298 1093 323 α
1115 282 1222 323 nobis
1242 283 1447 323 creditam.
1482 283 1731 324 SCHAEF.

345 350 440 390 970,
464 341 501 377 6.
526 338 685 392 ἔπεισα]
710 338 877 379 Scilicet
899 342 1165 392 συγχωρῆσαι.
1200 338 1449 380 SGHAEF.

344 404 439 447 970,
463 405 500 445 7.
533 394 575 434 τὸ
606 394 748 447 πρᾶγμ’
782 397 835 436 εἰς
864 399 974 435 τοῦτο
1006 396 1192 448 προῆκτο]
1231 396 1274 435 τὸ
1297 396 1438 447 πρᾶγμ’
1463 396 1611 436 ἐνταῦθ’
1637 396 1804 445 εἱστήκει

286 450 392 490 infra
413 465 448 490 v.
472 453 533 491 16.
567 451 818 491 SGHAEF.

342 517 436 560 971,
463 519 498 547 2.
531 511 607 547 τῶν
627 508 763 547 τούτου
784 508 914 558 τινῶν]
943 507 1067 562 Vulg.
1095 512 1170 548 τῶν
1192 509 1338 548 τούτου.
1402 508 1508 548 Post
1528 510 1664 548 τούτου
1685 508 1804 548 addit

286 563 468 617 August.
491 563 649 617 p1imus
680 567 807 604 τινῶν
869 563 1028 604 Contra
1049 564 1169 604 abest
1193 565 1247 604 ab
1269 565 1414 604 eodem
1446 569 1533 605 τῶι.
1596 564 1802 617 Gonjunxi

284 622 520 672 utrumque,
539 624 586 660 ut
607 619 663 660 Sit
683 621 778 671 ὑπὲρ
795 623 871 660 τῶν
887 622 1024 660 τούτου
1047 624 1160 660 τινῶν
1182 622 1406 671 γενόμενος.
1436 635 1552 675 super
1567 620 1803 673 quibasdam

284 674 398 716 rebus
428 676 474 715 (le
503 675 723 716 substantia
747 676 998 716 Pantaenctz
1063 677 1155 717 Non
1188 676 1296 716 enim
1328 681 1462 717 totam
1491 678 1579 730 ejus
1610 677 1803 717 substan-

284 731 400 779 tiam,
424 732 497 772 sed
518 733 812 773 tantummodo
834 746 973 772 servos
1005 747 1076 773 seu
1108 747 1257 786 operas
1289 733 1330 772 in
1356 733 1666 773 metalliiodinis
1687 733 1802 773 labo—

283 793 427 828 rantes
449 789 701 837 vendebant,
723 794 770 829 ut
800 802 822 829 e
843 804 881 842 p.
901 801 996 840 972,
1015 802 1079 831 22.
1103 794 1293 843 apparet.
1327 789 1519 829 REISK.
1583 788 1700 829 Servi
1722 789 1802 829 illic

285 844 361 884 soli
393 849 786 894 commemorantur,
811 846 922 899 quod
952 845 1170 899 potissima
1200 846 1356 899 negotii
1388 846 1584 886 metallici
1617 860 1714 899 pars
1742 860 1802 885 es—

284 906 402 942 sent:
436 916 532 942 nam
555 901 769 942 venditum
791 906 855 941 est
877 901 1004 942 etiam
1025 902 1068 941 τὸ
1090 904 1357 954 ἐργαστήριον.
1393 901 1642 943 SOHAEF.

341 968 392 1011 97
408 972 436 1007 ι,
462 960 527 998 26.
560 958 778 1012 παρόντων]
803 958 919 998 Tollo
942 973 1104 998 comma
1125 959 1246 1012 vulgo
1263 958 1447 1011 positum
1466 963 1562 1012 post
1583 959 1799 1009 παρόντων,

283 1015 395 1068 quod
417 1014 669 1054 sententiam
691 1015 850 1063 turbat,
873 1016 1146 1068 (quamquam
1168 1015 1270 1055 haec
1294 1019 1382 1054 tam
1404 1015 1566 1056 minuta
1587 1015 1690 1055 alias
1718 1029 1800 1055 non

282 1070 394 1110 soleo
415 1073 649 1124 annotare,)
671 1075 718 1110 ut
738 1071 793 1110 sit
815 1070 1025 1111 sententia
1043 1071 1144 1111 haec
1162 1088 1169 1111 :
1202 1085 1300 1111 nam
1318 1070 1350 1110 si
1369 1072 1514 1111 ambos
1536 1071 1696 1125 pariter
1711 1085 1800 1120 nos,

282 1140 346 1166 me
369 1131 411 1167 ct
434 1126 658 1181 Euergum,
681 1141 834 1180 eosque
864 1128 1010 1167 ambos
1036 1127 1077 1166 in
1099 1128 1201 1167 urbe
1224 1133 1465 1181 praesentes
1487 1132 1530 1168 et
1551 1142 1692 1168 coram
1714 1142 1800 1167 ver-

281 1187 423 1223 santes
454 1188 692 1223 accusasset
723 1182 869 1223 iisdem
899 1184 949 1223 de
981 1183 1233 1232 criminibus,
1258 1198 1339 1223 non
1368 1183 1512 1237 utique
1541 1198 1668 1224 unum
1697 1183 1800 1224 arri-

280 1239 441 1292 puisset
462 1239 661 1280 omittens
682 1240 872 1287 alterum,
897 1240 969 1280 sed
991 1241 1135 1280 ambos
1157 1240 1303 1280 fnisset
1319 1240 1413 1293 jure
1434 1245 1689 1293 persecutus.
1728 1241 1799 1280 Ad

280 1298 484 1347 παρόντων
515 1296 764 1336 subauditur
792 1297 898 1346 ἡμῶν
927 1298 969 1336 ἐν
995 1300 1038 1346 τῇ
1073 1298 1199 1345 πόλει,
1229 1297 1418 1350 adeoque
1444 1296 1552 1336 idem
1581 1301 1645 1336 est
1672 1301 1800 1350 atque

281 1353 580 1402 ἐπιδημούντων.
635 1352 712 1391 Vis
739 1352 976 1406 argumenti
1008 1352 1049 1392 in
1081 1353 1158 1392 hoc
1190 1353 1314 1392 verbo
1337 1352 1469 1400 inest3
1505 1353 1670 1393 infirma
1690 1353 1800 1393 enim

280 1413 391 1448 esset
422 1408 745 1462 argumentatio,
769 1409 816 1457 si„
842 1423 923 1462 quo
955 1413 1143 1463 tempore
1176 1409 1464 1449 Pantaenetus
1498 1410 1709 1464 Euergum
1740 1409 1799 1449 in-

280 1468 467 1504 sectatus
499 1470 620 1514 esset,
657 1465 884 1505 Nicobulus
911 1466 1015 1505 urbe
1045 1465 1261 1506 abfuisset.
1294 1465 1488 1505 REISK.
1550 1466 1684 1519 Atqui
1717 1480 1799 1520 quo

279 1525 468 1574 tempore
491 1520 702 1575 Euergum
726 1521 1014 1562 Pantaenetus
1046 1522 1207 1576 peregit
1229 1536 1344 1561 reum
1368 1521 1596 1562 Nicobulus
1625 1536 1799 1577 peregre

279 1577 369 1617 fuit.
430 1577 657 1631 Jungenda
679 1577 810 1632 igitur
840 1582 917 1617 τῶν
945 1579 1069 1618 αὐτῶν
1091 1578 1334 1628 ἀδικημάτων
1365 1580 1580 1629 παρόντων.
1643 1579 1796 1633 Perpe-

279 1648 369 1673 ram
391 1634 519 1673 habet
542 1634 768 1674 Reiskiana
789 1634 1158 1674 subdistinctiones
1174 1639 1271 1688 post
1288 1634 1531 1685 ἀδικημάτων
1547 1640 1590 1675 et
1607 1636 1798 1687 ἐγκαλῶν.

283 1689 537 1730 SOHAEF.

339 1757 433 1801 971,
455 1748 518 1787 28.
543 1746 663 1786 πάλιν
683 1747 921 1800 λαγχάνειν]
945 1747 1065 1797 Quod
1086 1747 1185 1787 addi
1203 1746 1291 1787 vult
1310 1747 1537 1787 Lambinus
1560 1749 1680 1797 δίκην,
1699 1748 1798 1788 addi

280 1816 447 1843 necesse
469 1802 526 1842 nil
548 1807 623 1850 est,
647 1803 719 1842 sed
740 1808 804 1843 est
826 1803 1052 1843 subaudiri.
1106 1803 1160 1843 V.
1184 1819 1221 1857 p.
1247 1814 1342 1856 972,
1368 1817 1432 1844 20.
1468 1804 1662 1844 REISK.

337 1870 432 1912 972,
466 1872 522 1898 11.
545 1858 588 1913 ἢ]
623 1860 759 1899 Abest
779 1860 832 1899 ab
856 1860 908 1898 A.
933 1859 1058 1913 (quae
1076 1860 1182 1911 sigla
1203 1860 1358 1900 excidit
1388 1860 1430 1899 in
1460 1865 1604 1901 annot.
1627 1860 1794 1912 critica)

279 1920 323 1955 et
345 1915 385 1955 S.
450 1916 619 1956 “Recte
649 1916 784 1956 abest.
825 1916 972 1969 injuste
1004 1912 1223 1957 vendidisse
1253 1930 1353 1969 quae
1380 1917 1507 1969 ipsius
1533 1931 1610 1957 11011,
1637 1918 1797 1958 essent.''

283 1972 534 2012 SCHAEF.

340 2029 400 2067 καὶ
435 2029 523 2079 περὶ
553 2029 606 2068 ὧν
637 2029 737 2080 ἔγνω
771 2047 802 2068 κ.
825 2046 858 2067 τ.
882 2031 937 2080 λ.]
978 2028 1134 2069 Locum
1166 2029 1274 2069 hunc
1306 2043 1565 2070 communem
1593 2030 1797 2084 attigerat

276 2084 364 2137 jam
386 2099 512 2137 supra
533 2098 619 2137 p.9
596 2094 690 2138 952,
721 2098 781 2123 10.
814 2085 1009 2124 REISK.

340 2152 433 2192 972,
464 2153 525 2190 17.
550 2142 586 2179 οἱ
609 2143 682 2190 μὲν
703 2141 786 2191 om]
815 2141 990 2180 Sensus:
1027 2141 1105 2192 Qui
1137 2141 1266 2196 igitur
1287 2141 1438 2181 iterum
1459 2142 1628 2196 litigant
1650 2147 1798 2183 contra

280 2196 448 2249 aliquod
484 2196 631 2236 horum
659 2201 893 2235 cete1··01u1n
929 2197 1179 2251 legislatoris
1217 2197 1460 2246 edictmum,
1497 2198 1646 2252 quibus
1680 2198 1797 2239 litem

280 2253 415 2292 denuo
436 2266 600 2291 movere
621 2257 830 2299 vetantur,
836 2277 903 2292 —.
940 2248 1191 2293 SCHAEF.

339 2319 433 2362 792,
460 2320 524 2348 20.
557 2312 637 2350 τοῖς
656 2307 720 2360 ὑφ’
746 2310 897 2360 ἑαυτοῦ]
925 2309 1090 2350 Scilicet
1112 2311 1269 2351 δικαιοις
1291 2310 1516 2361 ὡρισμένοις
1538 2311 1604 2351 οὐκ
1628 2310 1793 2361 ἐμμενει.

282 2323 533 2406 SO9.HAEF

338 2431 435 2473 972,
464 2422 528 2459 26.
575 2422 889 2474 τοῖς-δικαίοις]
944 2422 1190 2476 Legendum
1230 2422 1395 2463 videtur
1435 2427 1514 2465 τοῖς
1554 2426 1679 2474 παρὰ
1720 2427 1796 2463 τῶν

280 2477 518 2529 πραγμάτων
540 2477 665 2516 αὐτῶν
687 2478 857 2524 δικαίοις,
880 2477 1045 2530 7’·ιι11’ὸ1ι3
1066 2493 1112 2518 ειν
1136 2478 1225 2532 ipsa
1255 2493 1322 2519 261·
1324 2494 1389 2520 um
1410 2486 1558 2519 aalma
1580 2479 1795 2520 ανετείειιίὶ-

281 2533 360 2573 bus.
411 2531 607 2572 REISK.
670 2532 763 2572 Non
800 2547 915 2586 opus.
945 2549 1024 2586 ym-
1029 2534 1112 2574 ibus
1143 2549 1243 2589 quae
1283 2536 1329 2575 de
1368 2536 1465 2589 ipses
1492 2535 1622 2588 factes
1652 2535 1792 2575 valent.

370 2656 434 2699 72,
461 2621 532 2696 27..
558 2646 620 2684 καὶ
652 2646 734 2684 καθ
758 2646 1250 2700 ἕκαστον-ψευδόμενον]
1287 2647 1457 2687 Transit
1478 2648 1533 2687 ad
1558 2664 1628 2697 την
1650 2648 1794 2687 εὐθυδι-

282 2704 382 2742 κίαν.
417 2701 667 2742 SCHAEF.

339 2768 433 2811 973,
467 2760 505 2796 6.
549 2759 792 2808 ἐγγραφῆναι
833 2759 875 2797 τὸ
909 2757 1087 2811 διπλοῦν]
1134 2759 1186 2798 Ut
1220 2758 1454 2799 inscriberer
1485 2758 1632 2799 debitor
1662 2758 1793 2812 dupli.

282 2814 537 2868 Simpliciter
554 2812 707 2852 dicitur
728 2813 976 2865 ἐγγράφομαί
993 2831 1039 2861 τι,
1058 2828 1132 2853 1100
1153 2814 1306 2854 locutio
1327 2815 1430 2855 haec
1452 2815 1634 2868 elliptica
1653 2820 1729 2863 est,
1746 2820 1793 2854 ut

281 2871 419 2924 placet
441 2869 611 2909 Reiskio
634 2869 674 2908 in
700 2869 790 2909 Ind.
816 2869 1046 2910 Graecitat.
1081 2869 1333 2910 SOHAEF.
