1925 3215
443 140 767 179 ADVERSUS
808 138 1255 179 ΜΛΟΛΠΤΑΤΠΜ.
1495 142 1604 180 ῙΩΟ8

94 246 229 294 ιὀμίαυ
262 243 437 283 subaudi
470 245 533 283 ἵνα
570 245 705 293 εἰδῆτε.
774 244 821 283 V.
855 244 907 283 ad
946 259 983 297 p.
1015 256 1106 297 237,
1132 255 1195 298 25.
1235 244 1485 284 SCHAEF.
1552 246 1603 284 V.

99 300 215 339 Boor.
238 315 276 353 p.
305 313 391 353 150.

155 358 271 408 1067,
297 368 330 395 2.
354 356 404 405 μὴ
427 356 668 409 διαθέμενος]
692 356 753 395 Ab
781 357 968 396 intestato.
993 356 1060 409 qui
1085 356 1292 409 potuisset
1314 364 1453 396 tamen
1476 362 1604 397 tosta-

91 418 275 452 mentum
300 412 477 451 condere
500 418 735 465 propterea.
760 413 868 465 quod
895 413 1009 465 prole
1030 413 1213 452 mascula
1237 419 1411 453 careret.
1477 413 1605 456 Pater

91 468 198 507 enim
221 468 366 510 nullus.
391 468 452 507 eui
477 468 545 507 filii
568 474 721 512 essent.
746 474 1044 509 testamentum
1068 469 1298 509 condebat:
1329 469 1473 510 inutile
1494 470 1603 510 enim

91 524 130 564 id
159 524 317 572 fuisset7
340 524 433 563 filiis
462 524 522 563 vel
552 524 640 563 sine
668 529 924 565 testamento
953 524 1040 578 ipso
1065 526 1158 577 jure
1184 525 1289 565 civili
1318 525 1356 564 in
1385 532 1602 579 paternam

90 580 393 620 haereditatem
430 581 758 620 succedmitibus.
823 581 1010 621 Filiabus
1050 587 1190 621 autem
1228 582 1339 622 nulla
1380 589 1471 622 erat
1507 598 1603 636 pars

89 636 363 677 haereditatis
393 641 604 690 paternae.
636 637 785 691 quippe
817 638 957 677 dotem
990 637 1155 690 adeptis
1185 653 1261 691 pro
1292 639 1484 692 portione
1517 654 1603 685 sua.¹

90 692 167 732 nisi
204 693 237 732 si
272 693 472 733 fratribus
509 699 700 733 carerent
737 700 778 734 et
819 700 940 746 pater
976 699 1230 734 testamento
1266 709 1341 734 sua
1377 696 1485 735 bona
1523 710 1602 735 non

90 749 287 789 donasset
318 750 385 789 alii
418 749 621 803 cuipiam:
658 765 750 790 nam
784 749 825 789 id
859 750 1009 790 licebat
1040 751 1187 790 facere.
1220 751 1413 791 REISK.
1476 753 1528 791 V.
1554 753 1604 791 de

89 805 167 845 hac
189 805 278 857 lege
302 806 578 846 Schoemann.
605 807 751 859 Antiq.
775 806 887 859 publ.
910 821 949 859 p.
974 808 1064 859 196.

151 864 269 914 1067.
293 876 329 914 3.
361 863 434 902 σὺν
461 863 640 915 ταυτησί]
672 862 887 902 Sententia
918 863 1102 916 postulat
1128 863 1225 902 addi
1247 880 1253 902 :
1287 866 1373 905 τοὺς
1400 865 1503 905 υἱοὺς
1531 865 1605 904 σὺν

88 919 260 967 ταυτησί.
295 918 484 958 WOLF.
554 919 680 958 Index
717 919 908 958 Lambini
939 919 1041 959 haec
1073 919 1249 959 suadet:
1289 921 1358 959 ἐὰν
1387 922 1460 970 μὲν
1492 938 1604 960 κατα-

87 975 182 1025 λίπῃ
214 976 370 1024 θηλείας
401 975 474 1015 σὺν
505 976 652 1026 ἄρρεσι,
685 976 771 1017 τοὺς
807 977 971 1026 ἄρρενας
1002 975 1075 1014 σὺν
1105 978 1278 1030 ταυτῃσί.
1323 977 1396 1016 σὺν
1429 978 1604 1030 ταυτῃσὶ,

88 1030 243 1071 Scilicet
267 1034 327 1070 δεῖ
353 1035 607 1082 κληρονομεῖν
635 1033 721 1074 τοὺς
750 1034 1097 1082 κληρονομοῦντας.
1140 1046 1220 1071 vna
1250 1046 1337 1072 cum
1366 1032 1447 1072 illis
1474 1032 1604 1072 debent

86 1086 270 1127 haeredes
297 1087 577 1127 haereditatem
607 1088 736 1127 adire.
783 1088 821 1127 h.
847 1102 880 1128 e.
904 1102 1024 1127 nemo
1049 1092 1191 1141 potest
1219 1088 1393 1141 alicujus
1415 1089 1602 1129 haeredi-

88 1146 219 1183 tatem
241 1143 356 1183 adire
385 1143 472 1183 sine
495 1144 608 1197 prole
637 1145 819 1184 mascula.
841 1150 883 1184 et
911 1144 999 1183 siue
1021 1148 1278 1185 testamento
1307 1145 1502 1193 defuncti,
1527 1146 1602 1186 nisi

87 1205 162 1239 aut
183 1199 309 1240 filiam
330 1199 487 1240 filiasve
509 1201 596 1252 ejus
618 1201 657 1240 in
686 1200 953 1241 matrimonio
970 1201 1058 1253 jam
1083 1201 1239 1241 habeat
1260 1201 1506 1247 habeantve.
1529 1211 1603 1243 aut

88 1269 179 1295 eam
201 1270 320 1296 easve
342 1256 608 1297 matrimonio
631 1257 757 1297 ducat
778 1257 997 1297 dueantve.
1048 1257 1180 1297 Filiae
1203 1257 1309 1297 enim
1333 1258 1444 1298 solae
1466 1273 1540 1311 per
1561 1274 1603 1299 se

88 1311 392 1352 haereditatem
428 1328 561 1366 neque
600 1313 716 1353 adire
752 1328 883 1367 neque
919 1318 1061 1353 tenere
1102 1318 1313 1367 poterant,
1350 1315 1422 1354 sed
1462 1315 1601 1355 mariti

88 1382 229 1407 eorum
269 1368 445 1409 adibant
482 1369 646 1409 nomino
681 1384 856 1409 uxorum
898 1370 1183 1423 tenebantque
1220 1375 1421 1423 tanquam
1457 1386 1601 1411 carum

90 1425 219 1475 κύριοι,
256 1425 296 1464 11.
331 1439 363 1465 9.
405 1430 567 1466 tutores
603 1430 643 1465 et
680 1426 902 1480 praesides.
943 1425 1135 1465 REISK.
1203 1426 1411 1466 Mirabilis
1448 1427 1602 1481 ellipsis

88 1481 306 1521 verborum
338 1485 398 1521 δεῖ
423 1486 677 1533 κληρονομεῖν
705 1483 792 1524 τοὺς
824 1486 1159 1533 κληρονομοῦντας
1190 1497 1271 1521 11011
1299 1489 1473 1537 apparet
1505 1499 1603 1537 quo—

88 1537 210 1576 modo
244 1538 411 1578 admitti
446 1539 642 1592 potuerit.
679 1538 756 1578 nisi
791 1539 881 1592 quis
917 1538 1053 1592 aliqua
1087 1539 1358 1592 praecessisse
1390 1540 1521 1593 fingat
1551 1556 1600 1580 ex

89 1592 238 1646 quibus
261 1594 441 1648 suppleri
464 1595 532 1634 illa
560 1601 743 1648 possent.
807 1595 889 1634 Sed
916 1594 1106 1641 proxima
1129 1609 1293 1649 quoque
1315 1601 1401 1636 tam
1432 1598 1602 1637 confusa

87 1653 131 1689 et
155 1650 309 1703 partim
336 1651 519 1691 absurda
545 1656 643 1691 sunt
668 1656 716 1691 ut
744 1665 827 1690 non
855 1651 1133 1691 dubitandum
1162 1651 1217 1692 sit·
1243 1651 1342 1705 quin
1371 1653 1477 1692 hane
1501 1668 1601 1706 quo-

88 1719 166 1758 que
187 1706 288 1760 legis
307 1707 527 1748 formulam
548 1722 624 1761 pro
653 1707 875 1748 subditicia
902 1707 1047 1747 haberi
1076 1712 1271 1761 oporteat
1300 1723 1391 1748 011111
1417 1709 1601 1749 Frankio

87 1760 128 1800 in
166 1762 430 1816 Ephemerid.
462 1765 634 1804 Jenens.
673 1780 709 1804 a.
741 1766 856 1815 1844.
894 1779 933 1818 p.
970 1775 1062 1817 743.
1100 1764 1255 1817 partim
1291 1765 1511 1806 confictam
1549 1781 1600 1806 ex

90 1817 196 1858 Isaei
217 1819 352 1859 verbis
374 1835 413 1873 p.
437 1834 505 1872 44,
530 1822 581 1875 38
604 1835 718 1874 seqq.

143 1876 212 1915 ἐὰν
233 1877 274 1915 δὲ
294 1876 361 1927 μὴ]
389 1876 430 1916 S.
454 1878 646 1930 καταλίπῃ
667 1879 806 1918 παῖδας
828 1877 997 1925 θηλείας.
1032 1875 1225 1915 WOLF.

148 1934 267 1984 1067,
290 1945 329 1982 4.
362 1932 617 1983 ὁμοπάτορες-1
645 1932 793 1972 Nescio
824 1947 876 1972 an
906 1931 1012 1971 desit
1043 1932 1104 1971 καὶ
1133 1932 1380 1983 ὁμομήτορες.
1443 1934 1601 1974 Verum

88 1990 178 2026 esto
199 1987 276 2026 hoc
299 1987 477 2041 quidem,
500 1996 712 2041 uteunque
733 1988 819 2027 vult
840 2004 847 2027 :
880 1987 1129 2027 subauditur
1150 1991 1210 2028 δεῖ
1232 1989 1368 2031 αὐτοὺς
1389 1990 1458 2038 τὴν
1481 1991 1599 2040 (add.

86 2044 171 2093 τοῦ)
206 2044 381 2095 ἀδελφοῦ
410 2048 549 2094 μοῖραν
580 2044 811 2096 λαγχάνειν.
877 2044 919 2083 Si
957 2045 1152 2084 defuncto
1184 2043 1272 2084 sine
1302 2045 1443 2085 liberis
1474 2052 1516 2087 ct
1547 2048 1600 2087 ab

87 2097 289 2139 intestato
320 2104 418 2140 sunt
448 2101 613 2148 fratres,
643 2101 683 2139 hi
716 2105 891 2140 cernunt
920 2105 1084 2154 partem
1115 2100 1269 2147 fratris.
1300 2101 1339 2141 h.
1363 2116 1397 2141 e.
1429 2103 1461 2141 si
1495 2118 1601 2143 unus

86 2159 150 2194 est
176 2155 320 2204 frater,
351 2156 385 2196 is
413 2156 503 2197 adit
530 2161 664 2196 totam
693 2156 1009 2206 haereditatem,
1039 2156 1072 2196 si
1100 2156 1238 2210 plures
1268 2164 1378 2207 sunt,
1401 2173 1477 2212 pro
1505 2165 1599 2200 rata

87 2211 259 2265 quisque
280 2226 436 2252 eorum.
469 2212 662 2253 REISK.

147 2270 265 2318 1067.
288 2281 327 2322 5.
349 2269 419 2319 τὴν
440 2272 507 2309 τοῦ
527 2270 671 2320 πατρὸς
691 2274 830 2320 μοῖραι)
854 2269 1090 2323 λαγχάνειν]
1120 2269 1317 2310 Univel‘si
1338 2270 1380 2310 hi
1401 2269 1472 2311 filii
1495 2272 1599 2325 eJus,

87 2322 155 2376 qui
177 2324 358 2365 defuncti
381 2326 434 2365 ab
457 2325 658 2366 intestato
679 2330 856 2380 patruus
876 2326 1014 2373 fuerit.
1037 2326 1246 2380 accipiunt
1268 2331 1446 2374 tantum.
1471 2343 1599 2381 quan-

86 2383 175 2419 tum
205 2381 369 2422 tulisset
398 2396 541 2422 eorum
571 2388 692 2436 pater
722 2396 798 2436 pro
831 2387 951 2436 parte
983 2397 1068 2431 sua,
1102 2383 1136 2422 si
1168 2387 1258 2423 tum
1288 2383 1424 2423 adhuc
1455 2399 1598 2438 super-

86 2434 242 2476 fuisset.
275 2437 467 2478 REISK.

148 2494 268 2545 1067,
290 2505 327 2543 7.
366 2495 554 2546 ἀνεψιοὺς
589 2496 649 2534 καὶ
684 2498 823 2537 παῖδας
859 2509 908 2535 ex
941 2496 1181 2549 conjectura
1215 2495 1414 2535 Bunsenii
1449 2496 1597 2537 addita

86 2552 195 2587 sunt.
259 2549 380 2589 Nune
415 2551 603 2603 praefero
639 2551 813 2604 simplex
848 2552 948 2599 τοὺς,
982 2552 1094 2605 quod
1129 2551 1293 2592 addidit
1335 2552 1594 2593 Schaeferus.

87 2602 281 2644 Ceterum
303 2605 534 2646 Bunsenius
560 2621 642 2646 non
669 2607 738 2647 illa
764 2612 933 2648 tantum
958 2609 1084 2648 verba
1105 2608 1177 2648 sed
1198 2608 1329 2648 multo
1350 2608 1471 2662 plura
1492 2609 1598 2648 exci-

87 2659 195 2699 disse
222 2665 340 2701 ratus
367 2667 443 2705 est.
467 2667 559 2702 toto
590 2663 680 2703 loco
709 2663 765 2703 sic
794 2663 964 2717 scripte,
991 2663 1014 2714 ἢ
1039 2665 1224 2715 ἀδελφῶν
1252 2669 1398 2713 παῖδες,
1421 2666 1597 2716 ἀδελφὰς

87 2716 149 2755 καὶ
179 2720 315 2758 παῖδας
346 2719 386 2766 ἐξ
417 2719 555 2767 αὐτῶν,
580 2720 649 2759 ἐὰν
679 2721 719 2759 δὲ
750 2720 801 2770 μὴ
835 2721 1006 2771 ἀδελφαὶ
1038 2719 1136 2760 ὦσιν
1164 2719 1187 2770 ἢ
1215 2724 1350 2762 παῖδες
1383 2720 1429 2769 ἐξ
1457 2722 1594 2768 αὐτῶν,

87 2771 274 2823 ἀνεψιοὺς
303 2773 363 2811 καὶ
391 2777 529 2816 παῖδας
558 2777 597 2824 ἐξ
620 2776 751 2820 ,αὐτῶν
780 2779 875 2816 κατὰ
902 2777 1021 2816 ταῦτα
1047 2776 1277 2828 λαγχάνειν,
1300 2782 1413 2816 recte
1444 2791 1592 2830 repug-

87 2832 214 2866 nante
251 2827 496 2882 Sehellingio
537 2830 588 2870 de
624 2831 761 2871 Solon.
798 2832 877 2886 leg.
916 2847 955 2886 p.
984 2846 1076 2886 115.
1139 2832 1349 2873 Schaeferi
1389 2832 1595 2872 rationem

87 2881 214 2922 etiam
238 2882 546 2925 Schoemannus
574 2887 805 2941 adoptavit,
830 2884 898 2942 qui
922 2889 974 2928 de
1001 2889 1078 2928 hae
1107 2888 1198 2943 lege
1220 2888 1326 2928 dixit
1355 2888 1396 2927 in
1422 2902 1595 2929 censura

89 2936 227 2977 Boorii
249 2953 287 2992 p.
313 2950 394 2993 515
417 2954 530 2994 seqq.
