1935 3200
288 110 387 153 1470

281 209 430 247 Chalcis,
446 210 575 242 ostium
591 209 753 243 Euboeae
768 209 846 249 681,
864 219 916 254 17.
935 216 1006 243 erat

326 256 487 299 primitus
500 255 780 294 Atheniensium,
794 255 917 289 deinde
936 256 1005 289 fac-

326 308 361 334 ta
394 301 506 334 fuerat
538 302 739 344 metropolis
767 301 924 346 Olynthi.
952 314 1004 335 ar-

327 359 423 391 gum.
452 347 597 391 Olynth.
627 347 767 391 primae,
798 348 859 381 ubi
893 360 1004 390 genus

329 392 570 426 Chalcidicum
602 393 638 426 in
671 393 819 426 Thracia
851 395 1004 427 multum

327 439 433 472 fuisse
452 438 588 472 dicitur.

282 484 412 518 Chares
426 484 563 529 injussu
577 485 784 529 reipublicae
798 484 946 519 Graecas
961 486 1003 518 ad

330 530 597 574 Hellespontum
625 531 729 564 urbes
755 532 946 575 occupabat
972 538 1005 565 et

326 576 407 609 inde
446 577 624 620 piraticam
661 577 838 610 exercebat
873 588 1003 622 27,14.

328 635 359 655 v.
378 623 529 656 Tourell.
552 628 733 656 accusatus
763 623 805 656 ab
833 623 1005 656 Aeschine

327 668 524 702 defenditur
550 680 569 701 a
598 669 833 702 Demosthene
854 678 932 714 447,
952 670 1003 703 18.

326 714 455 747 missus
489 714 531 747 ad
569 715 698 748 bellum
735 715 1004 748 Cherrhonesia—

326 772 405 793 cum
426 760 673 804 Cersoblepten
700 767 732 794 et
755 761 1004 794 Charidemum

326 806 369 839 ad
390 806 552 840 honestas
579 808 671 850 pacis
697 807 912 840 conditiones
933 807 1004 840 adi-

326 852 376 896 git
399 852 545 896 678,12.
588 853 709 886 tributi
742 854 872 886 mentio
907 854 943 886 fit
970 866 1003 897 p.

330 909 428 941 1334,
446 907 498 942 15.
541 898 634 943 quod
662 898 792 932 Chares
818 899 860 932 ab
887 900 1004 932 Aeniis

327 944 453 977 dicitur
484 945 649 988 exegisse.
698 945 859 978 laudatur
891 951 929 979 111
954 946 1005 978 ν11·

326 991 502 1033 popularis
520 991 619 1032 1482,
634 1000 666 1034 5.

282 1035 413 1069 Chares
442 1036 623 1069 Thoricius
651 1046 730 1080 544,
759 1037 792 1070 8.
822 1036 898 1081 [ubi
926 1037 1005 1070 libri

326 1082 598 1125 011111111Χιάρης;
618 1083 711 1115 unde
719 1082 1002 1127 Voemelius’Ap-

325 1127 472 1179 wiern]

281 1173 492 1206 Chariclides
511 1173 652 1207 Archon
672 1183 751 1218 572,
765 1185 816 1218 13.

282 1219 523 1258 Charidemus,
538 1219 755 1252 Ischomachi
769 1221 870 1258 filius,
884 1220 1002 1260 orbus,

326 1265 368 1298 ab
397 1265 570 1309 Aeschylo
604 1265 788 1309 adoptatus
822 1273 884 1299 est.
946 1266 1003 1300 Ob

326 1323 406 1344 eum
440 1311 479 1344 lis
508 1311 693 1344 'l'heocrini
725 1318 806 1344 nata
838 1319 889 1345 est
923 1324 1002 1345 cum

325 1363 420 1401 patre
467 1357 646 1401 Epicharis
694 1357 871 1403 Polyeucti
904 1369 1001 1402 1331,

329 1414 382 1436 22.

281 1448 523 1488 Charidemus,
560 1449 649 1482 filius
690 1449 819 1489 Stratii,
857 1450 1002 1484 Oeensis

330 1495 428 1538 1056,
449 1504 503 1539 27.

281 1540 523 1581 Charidemus,
536 1541 593 1586 qui
612 1542 647 1574 in
665 1542 721 1575 illa
739 1542 803 1574 fuit
820 1543 1002 1586 legatione,

325 1587 539 1631 legationum
576 1588 618 1620 ab
653 1587 926 1621 Atheniensibus
960 1589 1003 1622 ad

328 1633 528 1676 Philippum
558 1633 741 1666 missarum
771 1634 926 1667 omnium
955 1635 1002 1667 fa-

326 1679 388 1712 cile
423 1679 544 1722 prima,
575 1691 641 1723 qua
671 1686 909 1723 comparatum
938 1681 1003 1713 fuit

327 1724 411 1757 illud
445 1725 644 1769 ἀπόρρητον,
676 1725 718 1758 de
745 1737 814 1770 quo
838 1738 870 1759 v.
898 1738 929 1769 p.
950 1738 1001 1770 19,

328 1780 394 1814 27.,
423 1770 464 1803 de
498 1771 699 1815 Amphipoli
729 1771 1002 1805 Atheniensibus

326 1816 513 1855 reddenda,
538 1817 567 1849 si
594 1817 793 1861 Philippum
820 1818 854 1850 in
883 1818 1003 1863 Pydna

327 1862 521 1906 subigenda
538 1863 763 1907 adjuvissent.

281 1908 523 1947 Charidemus,
544 1909 654 1948 Orita,
679 1921 719 1942 ex
747 1909 901 1949 Euboea,
921 1910 1001 1943 civi-

326 1960 394 1987 tate
411 1954 454 1987 ab
473 1954 600 1987 Athen.
617 1955 777 1989 donatus.
816 1956 906 1988 Eum
926 1967 1001 1989 ora-

325 2000 373 2033 tio
387 2006 459 2033 tota
476 2012 582 2043 paene
600 2001 634 2033 in
651 2001 897 2034 Aristocraten]
912 2001 1002 2035 dicta

326 2046 525 2085 insectatur,
544 2047 602 2091 qui
621 2047 850 2080 Aristocrates
876 2048 1001 2081 nimios

325 2091 474 2125 honores
493 2092 572 2125 huic
588 2092 797 2126 Charidemo
815 2093 856 2126 ab
871 2093 1000 2127 Athen.

327 2137 560 2171 decernendos
576 2145 764 2181 rogaverat.
795 2139 999 2172 studiosum

325 2195 405 2216 eum
426 2183 463 2216 P.
482 2185 525 2216 A.
546 2184 700 2228 beneque
719 2184 760 2217 de
778 2195 817 2217 eo
838 2185 999 2217 meritum

325 2240 404 2261 cum
423 2230 581 2262 nonnulli
594 2230 783 2273 jactassent
801 2230 894 2263 hunc
909 2230 999 2263 Cha-

324 2274 509 2313 ridemum,
529 2275 783 2307 Demosthenes
802 2281 921 2308 contra
944 2276 1001 2308 illa

325 2320 489 2359 oratione,
532 2326 769 2365 praeterquam
802 2320 896 2365 quod
937 2322 1000 2354 alia

325 2365 478 2398 denudat
505 2366 578 2410 ejus
605 2366 695 2405 vitia,
723 2366 758 2398 in
787 2367 907 2409 primis
933 2366 998 2400 hoc

325 2411 446 2444 docere
480 2411 630 2456 statagit.
665 2412 692 2444 si
727 2412 802 2456 quis
844 2424 998 2456 unquam

324 2457 411 2490 alius
437 2459 566 2501 populo
583 2457 667 2490 Ath.
685 2458 844 2491 inimicus
866 2458 998 2497 fuisset,

323 2502 418 2536 hunc
436 2515 547 2536 unum
567 2502 814 2536 Charidemum
837 2503 866 2536 ei
892 2504 998 2537 fuisse

324 2549 482 2582 omnium
508 2549 798 2582 inimicissimum.
841 2555 936 2582 tutor
965 2556 998 2582 et

324 2595 487 2637 κηδεστὴς
521 2595 764 2639 Cersobleptae
796 2595 873 2635 fuit,
907 2596 998 2639 regis

322 2640 488 2674 Thraciae
520 2640 598 2685 663,
627 2650 659 2682 5.
721 2640 839 2685 Cotys,
875 2640 998 2674 Cerso—

323 2686 447 2729 bleptis
481 2693 587 2730 pater,
618 2686 877 2726 Charidemum,
909 2687 997 2719 mili-

323 2737 398 2764 tum
424 2733 714 2765 mercenariorum
739 2732 929 2772 ductorem,
948 2734 997 2765 lo-

323 2789 398 2810 care
416 2777 691 2811 conducentibus
711 2779 825 2821 copias
845 2790 924 2811 suas
943 2790 997 2811 so-

322 2823 434 2862 litum,
453 2835 534 2856 cum
552 2823 786 2863 conduxisset,
805 2835 906 2867 opera
924 2824 996 2868 ejus

322 2868 552 2902 Athenienses
587 2869 830 2903 Cherrhoneso
866 2870 996 2913 expulit

324 2913 390 2955 663
415 2926 491 2957 pen.
536 2915 703 2958 expositio
738 2915 778 2948 de
812 2915 992 2949 fraudibus

778 111 947 146 INDEX
980 111 1298 148 HISTORICUS

1108 216 1140 243 et
1165 210 1388 251 facinoribus,
1408 212 1535 257 quibus
1555 213 1783 249 Charidemus

1107 257 1357 300 rempublicam
1390 258 1657 294 Atheniensium
1692 261 1784 294 labe-

1107 302 1268 335 factasset
1294 302 1362 347 670
1387 315 1462 348 sqq.
1520 304 1711 349 Imperator
1736 307 1784 340 A-

1107 347 1341 382 theniensium
1371 349 1414 382 ad
1444 349 1662 384 liberandum
1691 352 1784 386 obsi-

1108 393 1209 427 dione
1224 400 1376 428 castrum
1392 395 1567 429 Heraeum
1582 408 1662 430 cum
1676 399 1784 431 classe

1106 439 1224 473 decern
1258 441 1399 474 navium
1433 442 1562 475 missus
1590 454 1646 486 30,
1669 454 1696 476 1.
1739 444 1783 478 ob

1104 485 1344 519 liberalitatem
1361 499 1441 531 erga
1458 488 1709 532 rempublicam
1727 501 1784 523 co-

1105 538 1249 564 ronatus
1275 538 1326 565 est
1352 544 1480 566 corona
1505 545 1606 567 aurea
1631 535 1709 576 264,
1729 545 1782 577 25.

1108 577 1185 621 265,
1205 578 1256 611 18.
1291 578 1352 611 ubi
1376 579 1506 612 mentio
1532 580 1570 613 fit
1595 581 1783 624 expeditio-

1106 623 1159 656 nis
1178 623 1220 656 ab
1239 635 1278 657 eo
1297 631 1476 668 susceptae
1501 625 1667 660 adversus
1687 626 1782 660 Sala-

1107 669 1210 702 mina.
1239 682 1270 713 p.
1291 671 1388 711 1482,
1413 671 1445 704 8.
1485 671 1647 706 laudatur
1672 679 1711 706 ut
1732 674 1783 706 vir

1106 716 1294 759 popularis,
1314 723 1346 749 et
1363 722 1447 750 tunc
1466 717 1591 751 dicitur
1608 718 1721 752 adhuc
1748 719 1784 752 in

1106 761 1192 794 vivis
1212 773 1402 806 superesse.

1061 806 1247 847 Charinus,
1276 808 1455 852 Epicharis
1482 809 1572 843 filius
1603 810 1783 844 Leucono-

1106 854 1198 886 ‘ensis
1217 863 1296 898 927,
1316 865 1370 887 21.

1062 898 1203 932 Charini
1228 900 1362 944 rogatio
1380 907 1417 934 ut
1436 901 1471 934 in
1490 901 1647 935 fraudem
1664 902 1783 946 legum

1104 945 1173 978 lata
1187 957 1351 989 1334,11.
1373 946 1502 980 ibidem
1514 957 1678 992 versui7.
1702 960 1782 992 pro-

1106 990 1195 1024 ditor
1213 993 1415 1035 appellatur.

1061 1035 1278 1070 Charisiades
1295 1049 1394 1081 1304,
1415 1038 1469 1072 26.

1060 1081 1251 1122 Charisius,
1278 1084 1511 1124 Atheniensis,
1538 1085 1597 1130 qui
1627 1097 1782 1120 sororem

1105 1128 1140 1161 in
1158 1130 1377 1163 matrimonio
1395 1130 1516 1163 habuit
1534 1142 1631 1175 1304,
1652 1132 1707 1166 26.

1060 1172 1251 1214 Charisius,
1281 1175 1397 1215 Eleus,
1432 1177 1530 1220 cujus
1564 1177 1685 1211 liberta
1717 1178 1782 1212 fuit

1106 1220 1270 1254 Nicareta
1287 1230 1386 1265 1351,
1405 1234 1437 1263 4.

1060 1264 1283 1300 Chelidoniae
1317 1268 1460 1307 insulae,
1494 1268 1583 1301 intra
1616 1281 1701 1313 quas
1739 1281 1782 1303 ne

1105 1312 1219 1345 liceret
1246 1312 1358 1346 Persis
1388 1314 1549 1358 navigare
1579 1321 1720 1348 cautum
1745 1316 1781 1348 in

1106 1370 1187 1401 pace
1205 1359 1316 1392 fuerat
1333 1370 1413 1403 429,
1430 1371 1457 1392 1.

1060 1402 1334 1438 Cherrhonesus.
1386 1405 1536 1449 Philippi
1553 1406 1700 1440 studiosi
1722 1419 1781 1440 ru-

1105 1461 1235 1483 morem
1263 1451 1409 1484 Athenis
1438 1452 1657 1495 spargebant,
1682 1453 1781 1497 cujus

1104 1502 1279 1530 auctorem
1303 1497 1357 1530 ille
1376 1509 1411 1530 se
1429 1498 1577 1542 negabat
1595 1510 1681 1537 esse,
1701 1510 1781 1532 eum

1105 1554 1180 1575 aere
1210 1554 1274 1575 suo
1303 1543 1407 1576 ducta
1439 1544 1532 1576 fossa
1562 1543 1780 1578 Cherrhone-

1105 1600 1183 1621 sum
1216 1601 1235 1622 a
1260 1595 1350 1622 terra
1379 1590 1575 1623 continente
1606 1597 1780 1634 separatu-

1105 1646 1182 1667 rum
1210 1646 1284 1668 esse
1311 1641 1344 1668 et
1373 1647 1390 1668 e
1418 1636 1601 1679 peninsula
1630 1636 1781 1670 insulam

1104 1680 1278 1713 facturum
1298 1689 1350 1725 73,
1372 1690 1402 1725 7.
1436 1687 1475 1714 ut
1493 1682 1612 1715 classis
1636 1694 1675 1715 eo
1701 1683 1780 1715 mit-

1103 1732 1232 1759 teretur
1265 1727 1483 1770 peninsulam
1516 1727 1559 1760 ab
1592 1728 1780 1762 insultibus

1106 1771 1255 1816 Philippi
1296 1772 1522 1813 custoditura,
1557 1779 1677 1806 auctor
1717 1774 1781 1808 fuit

1104 1818 1312 1863 perfecitque
1347 1819 1600 1852 Demosthenes
1636 1829 1713 1863 252,
1747 1820 1779 1853 8.

1104 1864 1164 1897 ubi
1198 1864 1334 1897 videtur
1375 1866 1519 1898 classem
1557 1865 1780 1909 Diopitheam

1105 1910 1309 1953 significare.
1362 1911 1417 1944 Sic
1439 1916 1571 1944 servata
1588 1911 1653 1944 fuit
1672 1911 1780 1945 Cher-

1104 1956 1274 1989 rhonesus
1285 1970 1294 1996 ;
1314 1957 1412 2001 cujus
1426 1957 1474 1989 rei
1487 1968 1658 1990 memores
1672 1957 1779 1990 Cher-

1103 2001 1296 2035 rhonesitae
1315 2014 1459 2036 coronas
1481 2014 1601 2036 aureas
1627 2003 1780 2048 aliosque

1103 2047 1252 2081 honores
1272 2048 1309 2081 P.
1329 2049 1371 2081 A.
1391 2048 1600 2082 detulerunt.
1651 2049 1778 2082 Decre-

1102 2099 1178 2126 tum
1205 2099 1315 2127 exstat
1340 2106 1373 2138 p.
1402 2094 1478 2138 256,
1500 2105 1554 2127 21.
1590 2094 1650 2127 11111
1676 2095 1779 2128 etiam

1102 2139 1221 2182 populi
1247 2140 1466 2182 peninsulam
1486 2145 1641 2173 tenentes
1666 2141 1778 2173 nomi-

1103 2190 1241 2223 nantur,
1264 2185 1395 2224 Sestus,
1415 2185 1594 2229 MadytuS,
1614 2186 1719 2219 Eleus
1745 2192 1778 2219 et

1102 2230 1399 2273 Alopeconnesus.
1441 2230 1788 2264 Cherrhonesilimi-'

1101 2284 1151 2308 tes
1170 2281 1202 2308 et
1221 2275 1369 2319 Philippi
1392 2288 1495 2319 super
1512 2276 1552 2309 iis
1571 2288 1650 2309 cum
1668 2277 1776 2311 Athe-

1102 2321 1279 2354 niensibus
1297 2322 1527 2364 expostulatio
1545 2322 1600 2361 86,
1618 2331 1670 2366 15.
1700 2334 1776 2367 per-

1100 2366 1207 2399 fossio
1234 2367 1466 2400 Cherrhonesi
1491 2373 1620 2401 tentata
1645 2368 1700 2408 86,
1723 2377 1776 2413 17.

1102 2412 1365 2446 Cherrhonesus
1402 2414 1503 2457 jturta
1542 2425 1661 2457 pacem
1695 2414 1775 2447 Phi-

1100 2458 1235 2501 lippum
1256 2459 1343 2491 inter
1361 2466 1393 2492 et
1410 2459 1637 2492 Athenienses
1656 2460 1776 2493 condi-

1100 2510 1171 2536 tam
1213 2504 1355 2538 cedebat
1396 2504 1670 2538 Atheniensibus
1707 2505 1775 2551 365

1099 2550 1162 2582 ult.
1186 2550 1350 2583 orationis
1361 2550 1611 2584 Aristocrateae
1624 2551 1774 2592 initium,

1100 2607 1186 2639 quae
1219 2597 1327 2629 oratio
1360 2608 1452 2630 anno
1485 2597 1596 2640 primo
1631 2596 1773 2642 Olymp.

1104 2650 1178 2684 107.
1213 2641 1302 2674 dicta
1327 2654 1401 2675 esse
1430 2642 1590 2681 creditur,
1616 2642 1775 2676 hortatur

1099 2687 1329 2720 Athenienses
1376 2694 1414 2721 ut
1456 2688 1676 2731 providerent
1717 2701 1772 2728 ne,

1099 2744 1202 2776 quam
1230 2734 1285 2765 vix
1316 2739 1348 2766 et
1380 2745 1480 2777 aegre
1512 2741 1772 2777 recuperassent

1100 2778 1392 2818 Cherrhonesum,
1419 2790 1493 2812 eam
1523 2790 1644 2812 rursus
1673 2780 1771 2813 amit-

1097 2829 1207 2857 terent
1225 2824 1303 2863 621,
1318 2834 1348 2869 7.
1383 2836 1445 2857 cur
1462 2824 1688 2859 metuendum
1705 2825 1769 2858 mi-

1098 2881 1163 2902 nus
1198 2870 1241 2903 sit
1272 2882 1314 2903 ne
1341 2870 1580 2914 Cersobleptes
1610 2870 1771 2914 cupidine

1098 2914 1242 2949 Cherrh.
1263 2921 1412 2949 tentetur
1432 2915 1509 2959 657.
1532 2928 1563 2957 4.
1604 2915 1769 2950 Charide-
