1935 3200
304 155 413 196 1272
750 150 811 189 IN
845 145 1359 188 OLYMPIODORUM.

302 255 546 296 relationem
599 253 875 292 obscurarunt
925 264 1031 303 quae
1091 249 1141 288 de
1200 248 1439 288 mulieribus
1488 247 1645 286 inserta
1696 254 1804 285 sunt.

306 310 563 351 SCHAEF.

366 380 381 405 Ι
396 380 409 405 1
420 367 484 413 82,
502 377 548 405 21
559 396 566 404 .
590 364 823 414 ὁμοπατρίας
837 363 899 401 καὶ
916 361 1165 413 ὁμομητρίας]
1187 359 1361 399 Resolve
1377 359 1399 408 ἢ
1415 360 1514 412 αὐτῷ
1537 360 1645 398 ἐστιν
1661 359 1807 407 ὁμοπα-

304 424 388 472 τρία
426 421 486 460 καὶ
525 420 759 469 ὁμομητρία;
798 431 849 457 ne
884 422 1006 471 putes
1038 415 1245 469 adjectiva
1280 415 1541 455 substantivo
1576 412 1810 467 postposita

304 477 392 517 sine
411 476 600 516 articulo.
634 474 892 513 SCHAEF.

368 533 487 577 1182.
509 544 530 571 2
534 545 573 584 5.
599 534 677 571 πῶς
697 532 772 581 γὰρ
794 530 860 568 οὐκ
882 528 1173 580 ἀδικοῦνται-]
1203 526 1314 565 Hine
1336 525 1428 566 illae
1448 524 1654 565 lacrimae.
1712 524 1812 574 Quis

306 588 415 628 enim
445 587 611 626 dubitet
640 590 818 625 matrem
842 584 1018 624 familias
1049 597 1142 622 eum
1172 582 1323 622 marito
1345 581 1529 635 quotidie
1550 580 1813 634 expostulan—

306 649 392 684 tem
425 643 476 683 de
509 641 762 682 concubinae
795 640 901 679 illius
937 639 1051 679 cultu
1083 638 1332 690 vestituque,
1361 652 1482 690 quem
1511 636 1602 689 ipsa
1633 650 1814 689 aequare

307 715 389 740 non
411 703 565 753 posset,
587 711 762 751 magnas
781 697 859 736 hae
881 695 922 734 in
942 695 1015 735 lite
1036 698 1178 748 partes
1200 694 1418 733 habuisse?
1452 693 1708 732 SCHAEF.

370 770 384 795 ι
399 757 488 803 182,
514 766 578 805 27,
610 751 941 806 χρυσία-ἱμάτια
962 751 1082 803 καλὰ]
1120 750 1149 789 J
1152 749 1272 789 unxit
1296 749 1399 789 haee
1420 748 1547 788 etiam
1570 748 1815 787 Athenaeus

313 825 377 864 13.
408 826 448 864 p.
469 810 550 864 587
575 809 623 849 B.
653 824 674 849 e
702 812 818 848 certa
848 807 1136 847 emendatione
1174 805 1374 845 Meinekii
1405 805 1683 845 Commentat.
1714 802 1815 842 Mis-

309 867 394 907 eell.
424 881 457 907 1.
482 881 521 919 p.
542 878 610 917 44.
662 864 781 905 Oonf.
806 863 1035 916 Aloiphron
1064 875 1095 910 ι,
1119 865 1185 915 36.
1209 861 1264 900 in.
1300 861 1560 900 SCHAEF.

369 920 542 975 ἐξόδους]
568 921 622 961 V.
646 920 829 974 Toupius
853 919 1074 958 Emendat.
1096 917 1173 957 vol.
1198 929 1234 957 2.
1258 931 1295 970 p.
1318 929 1385 970 59.
1421 916 1681 955 SCHAEF.

373 992 386 1017 1
403 979 494 1025 182,
511 977 575 1019 28.
597 977 836 1027 ὑβρίζουσαν
857 976 898 1014 ἐκ
920 979 995 1014 τῶν
1015 973 1228 1025 ἡμετέρων]
1254 973 1317 1012 De
1338 971 1480 1011 nostris
1496 971 1602 1010 bonis
1619 970 1818 1024 prodiyio-

309 1048 396 1074 sum
425 1040 459 1073 et
475 1033 723 1086 flayitiosum
757 1031 801 1070 in
830 1031 987 1070 modum
1019 1029 1299 1069 lemuriantenz.
1333 1027 1530 1067 REISK.
1591 1025 1820 1066 Suffeeerat

312 1090 610 1130 luxuriantem:
642 1088 877 1138 ὑβρίζουσαν
908 1085 1017 1125 enim
1042 1084 1169 1124 nihilo
1197 1084 1288 1137 plus
1312 1097 1435 1136 quam
1456 1086 1679 1134 τρυφῶσαν.
1733 1081 1820 1123 Xe-

313 1146 480 1199 nophon
501 1144 650 1198 Cyrop.
676 1155 712 1189 2,
730 1157 769 1192 4,
786 1155 826 1194 5.
851 1143 893 1181 ἐν
914 1144 957 1195 τῇ
981 1141 1155 1193 Περσικῇ
1178 1142 1301 1194 στολῇ
1323 1140 1436 1179 οὐδέν
1457 1155 1492 1178 τι
1511 1137 1739 1192 ὑβρισμένῃ.
1767 1139 1820 1180 ad

309 1217 353 1255 q.
374 1202 400 1241 l.
422 1204 521 1254 apte
541 1203 836 1253 compararunt
858 1196 1023 1236 Aeliani
1046 1196 1099 1235 V.
1119 1196 1175 1234 H.
1200 1208 1231 1243 ι,
1249 1207 1317 1249 31.
1345 1195 1457 1234 οὐδὲν
1478 1198 1554 1234 τῶν
1573 1193 1823 1245 ὑβρισμένων

314 1258 401 1297 οὐδὲ
437 1260 514 1296 τῶν
546 1257 647 1307 ἄγαν
679 1257 907 1294 πολυτελῶν
939 1253 1246 1303 προσφέρουσιν.
1307 1249 1373 1290 Sic
1403 1252 1513 1300 ὕβρις
1544 1254 1586 1289 et
1615 1249 1740 1300 τρυφὴ
1776 1255 1823 1290 ut

315 1312 448 1353 affinis
469 1325 588 1351 voees
610 1308 924 1364 significationis
945 1307 1099 1361 passim
1115 1307 1360 1360 junguntur.
1392 1305 1698 1358 Aristophanes
1716 1306 1822 1347 Ran.

319 1382 383 1410 21.
414 1366 479 1407 εἶτ’
502 1368 573 1419 οὐχ
601 1368 711 1417 ὕβρις
742 1364 845 1404 ταῦτ’
880 1366 963 1403 ἐστὶ
991 1364 1052 1403 καὶ
1079 1363 1209 1412 πολλὴ
1240 1362 1433 1413 τρυφῆ--.
1485 1362 1730 1401 Athenaeus
1764 1375 1822 1402 12.

317 1439 355 1478 p.
373 1436 456 1477 522
472 1423 516 1463 C.
536 1424 583 1462 οὐ
603 1424 749 1473 τρυφῆς
769 1420 884 1473 χάριν
904 1418 980 1460 οὐδ’
1003 1421 1163 1470 ὕβρεως.
1198 1418 1453 1458 SCHAEF.
