1935 3200
292 123 402 162 1382
844 119 905 159 IN
937 119 1249 159 NEAERAM.

294 224 489 266 REISK.
550 224 644 264 Non
670 224 783 273 fana,
803 225 875 264 sed
903 238 1034 273 sacra,
1058 237 1164 277 quae
1188 223 1276 264 sola
1296 222 1374 263 dici
1399 228 1573 277 possunt
1594 226 1797 274 δημοτελῆ,

292 284 340 321 τὰ
371 283 454 332 ἱερὰ
485 282 643 321 θύεσθαι
672 282 768 332 ὑπὲρ
794 283 859 330 τῆς
887 282 1040 321 πόλεως
1069 294 1109 332 p.
1136 282 1255 332 1376,
1282 293 1344 333 13.
1407 279 1462 319 V.
1485 279 1717 320 Boeckhius
1749 280 1799 319 de

294 337 446 377 Oecon.
470 337 627 376 Athen.
649 336 727 376 vol.
748 350 782 376 1.
804 351 844 389 p.
870 336 963 376 228.
998 335 1246 376 SOHAEF.

354 402 475 445 1374,
496 405 537 444 4.
562 393 667 432 ἀλλὰ
686 393 933 442 μόναις-εἷς
953 394 1001 431 τὰ
1023 391 1120 445 ἱερὰ]
1144 390 1288 431 citant
1311 391 1470 430 Anecd.
1494 390 1623 430 Bekk.
1647 406 1686 444 p.
1709 403 1797 444 123,

297 460 360 499 29.
395 449 654 487 SCHAEF.
715 447 943 487 Aeschines
972 461 1005 486 0.
1029 447 1235 486 Timarch.
1258 461 1296 500 p.
1317 448 1381 494 26,
1409 459 1466 486 10.
1489 448 1508 485 ὁ
1537 448 1578 485 δὲ
1605 448 1757 493 Σόλων,
1779 448 1799 485 ὁ

293 508 368 543 τῶν
397 507 616 553 νομοθετῶν
647 504 905 553 ἐνδοξότατος,
928 503 1130 554 γέγραφεν
1158 503 1327 554 ἀρχαίως
1358 502 1418 541 καὶ
1447 506 1596 552 σεμνῶς
1622 503 1708 552 περὶ
1736 505 1801 551 τῆς

291 563 368 598 τῶν
398 563 591 610 γυναικῶν
624 560 841 609 εὐκοσμίας.
890 558 960 608 τὴν
991 561 1065 610 γὰρ
1101 563 1278 609 γυναῖκα,
1309 557 1369 609 ἐφ’
1400 557 1422 612 ᾖ
1455 558 1502 597 ἂν
1535 560 1617 611 ἁλῷ
1648 557 1798 609 μοιχὸς,

294 615 361 654 οὐκ
393 616 437 667 ἐᾷ
469 619 711 665 κοσμεῖσθαι,
741 616 829 654 οὐδὲ
861 616 912 655 εἰς
942 616 989 653 τὰ
1020 617 1210 664 δημοτελῆ
1243 615 1325 664 ἱερὰ
1356 613 1532 660 εἰσιέναι,
1562 615 1625 653 ἵνα
1654 613 1705 663 μὴ
1735 615 1801 655 τὰς

293 670 582 721 ἀναμαρτήτους
612 674 687 710 τῶν
714 674 906 722 γυναικῶν
936 670 1222 721 ἀναμιγνυμένη
1253 670 1467 720 διαφθείρῃ·
1501 670 1571 708 ἐὰν
1599 668 1628 709 δ’
1652 670 1750 718 εἰσίῃ
1778 668 1800 718 ἢ

294 729 494 776 κοσμῆται,
527 726 594 766 τὸν
625 727 838 778 ἐντυχόντα
869 727 1018 765 κελεύει
1049 726 1353 776 καταρρηγνύναι
1385 727 1431 764 τὰ
1463 725 1603 775 ἱμάτια,
1638 725 1699 764 καὶ
1730 726 1800 764 τὸν

295 783 442 831 κόσμον
473 783 740 833 ἀφαιρεῖσθαι,
767 782 828 821 καὶ
859 783 1026 827 τύπτειν,
1055 782 1281 832 εἰργόμενον
1313 780 1492 826 θανάτου,
1521 781 1582 820 καὶ
1613 785 1678 820 τοῦ
1709 780 1800 820 ἀνά-

294 855 417 888 πηρον
443 854 617 887 ποιησαι·
653 839 796 888 ἀτιμῶν
823 837 892 887 τὴν
919 839 1098 887 τοιαύτην
1127 840 1304 888 γυναῖκα,
1327 838 1388 876 καὶ
1415 836 1482 876 τὸν
1511 838 1603 886 βιον
1631 837 1802 886 ἀβίωτον

294 894 386 948 αὐτη
408 893 720 943 παρασκευάζων.
765 896 914 946 Appa1
917 898 958 933 et
979 908 1029 932 ex
1051 893 1129 932 11αο
1152 892 1370 932 Aeschinis
1391 892 1666 955 emanatione,
1689 892 1801 945 apud

294 935 622 989 Demosthenem
649 949 781 1003 legem
807 964 890 988 non
916 963 1004 988 esse
1032 948 1265 1002 integram3
1299 948 1340 987 in
1365 948 1442 988 hac
1471 947 1579 987 enim
1600 947 1702 987 nihil
1724 952 1799 995 est,

293 1005 403 1058 quod
425 1004 563 1045 ornari
584 1005 817 1046 adulteram
837 1009 960 1045 vetet.
1024 1005 1221 1044 Ceterum
1241 1005 1366 1044 verba
1388 1010 1412 1026 ‘⁴
1427 1005 1732 1054 καταρρηγνύναι
1753 1006 1800 1044 τὰ

294 1061 423 1110 ἱμάτια
463 1061 525 1101 καὶ
565 1062 634 1101 τὸν
675 1062 821 1111 κόσμον
861 1062 1115 1112 ἀφαιρεῖσθαι
1157 1061 1217 1100 καὶ
1257 1060 1452 1106 τύπτειν,”
1489 1059 1635 1099 deinde
1676 1061 1802 1100 verba

295 1122 318 1138 “
336 1116 535 1167 ἀνάπηρον
564 1116 783 1157 ποιεῖσθαι”
814 1117 867 1156 ab
898 1115 1105 1155 Aeschine
1135 1116 1189 1156 ad
1220 1115 1386 1155 uberius
1421 1115 1667 1169 explicanda
1698 1115 1799 1169 legis

294 1173 421 1212 verba
463 1177 486 1194 “
506 1173 656 1221 νηποινὶ
699 1173 896 1225 πασχέτω,
938 1173 1012 1219 ὅ,τι
1056 1172 1104 1211 ἂν
1143 1172 1277 1224 πάσχῃ
1291 1171 1313 1186 ”
1353 1172 1498 1211 addita
1542 1171 1801 1211 crediderim.

294 1228 669 1268 SCHELLING.
692 1228 742 1267 de
769 1228 931 1268 Solonis
957 1227 1035 1281 leg.
1055 1242 1095 1281 p.
1119 1240 1210 1280 103.
1272 1227 1425 1281 Legem
1455 1228 1508 1267 ab
1535 1227 1701 1267 falsario
1732 1242 1800 1267 ne-

290 1284 497 1338 gligenter
531 1297 619 1324 esse
654 1284 938 1337 compositam,
976 1297 1026 1322 ne
1061 1283 1260 1323 adhibitis
1296 1283 1462 1336 quidem
1497 1288 1692 1323 accurate
1727 1287 1802 1323 aut

292 1340 415 1393 hujus
447 1340 626 1380 oratoris
658 1344 733 1380 aut
765 1339 984 1380 Aeschinis
1017 1338 1166 1386 verbis,
1198 1343 1311 1379 recte
1346 1344 1487 1379 monet
1520 1339 1728 1379 Frankius
1759 1339 1801 1379 in

298 1395 520 1449 Ephemer.
541 1396 713 1436 JenenS.
737 1411 774 1436 a.
798 1396 918 1447 1844.
941 1410 980 1448 p.
1005 1407 1097 1446 742.

354 1462 472 1504 1374,
497 1465 534 1503 7.
568 1452 671 1501 πλὴν
699 1451 881 1505 θανάτου]
906 1451 1030 1490 Hunc
1058 1451 1193 1491 10011111
1221 1451 1402 1491 illustrat
1425 1450 1472 1490 P.
1497 1450 1636 1490 Faber
1666 1451 1802 1491 Seme-

295 1512 369 1547 st1.
391 1507 415 1547 l.
438 1522 476 1562 3
499 1522 532 1547 0.
558 1521 682 1561 21-p-
705 1520 801 1561 334.
836 1508 1112 1546 TAYLOR.

355 1563 521 1618 1374‚8
529 1596 535 1604 .
565 1565 661 1615 ὑπερ
688 1563 830 1616 αὐτῶν]
860 1562 987 1603 Redit
1014 1577 1096 1603 non
1124 1563 1178 1603 ad
1204 1562 1407 1609 mulieres,
1430 1562 1502 1601 sed
1529 1562 1584 1602 ad
1605 1564 1652 1602 τὰ
1672 1563 1802 1614 γιγνό-

293 1636 392 1669 μενα
421 1620 495 1659 ὑπὸ
526 1623 602 1659 τῶν
632 1621 812 1659 τοιούτων
842 1623 1045 1669 γυναικῶν,
1077 1623 1125 1659 ut
1155 1619 1189 1658 Si
1223 1633 1305 1672 qua
1334 1617 1497 1657 infamis
1528 1618 1568 1657 in
1601 1618 1802 1672 templum

295 1675 504 1728 publicum
534 1675 720 1729 ingressa
745 1674 882 1715 fuerit.
917 1675 1118 1714 REISK.
1182 1674 1329 1714 Malim
1359 1674 1512 1713 refelre
1542 1674 1597 1714 ad
1627 1676 1674 1714 τὰ
1706 1674 1800 1725 ἱερά.

299 1732 558 1771 SCHAEF.

359 1798 476 1841 1374,
504 1800 566 1827 10.
598 1786 702 1836 πλὴν
733 1784 921 1839 θανάτου]
955 1785 1079 1826 Falso
1106 1786 1234 1840 igitur
1262 1786 1512 1826 Heliodorus
1541 1785 1740 1838 Aethiop.
1767 1799 1802 1834 1,

300 1856 316 1882 1
330 1856 364 1882 Ι.
387 1844 555 1882 θάνατον
576 1842 619 1881 τὸ
640 1842 755 1884 τέλος
774 1845 841 1881 τοῦ
862 1842 1183 1892 παρανομήματος
1205 1842 1322 1882 (lixit.
1385 1841 1438 1881 V.
1462 1855 1568 1894 quae
1590 1841 1639 1880 (le
1661 1841 1804 1894 poenis

297 1898 489 1938 adulterii
512 1897 679 1952 collegit
700 1898 874 1938 Becker.
898 1897 1073 1938 Charicl.
1096 1897 1171 1937 vol.
1197 1911 1232 1938 2.
1254 1913 1292 1951 p.
1315 1899 1396 1950 485
1420 1911 1533 1951 seqq.

360 1967 478 2007 1374,
505 1964 568 2007 15.
604 1956 653 1993 ἄν
687 1971 722 1993 τι
758 1952 925 2008 ἁμάρτῃ]
958 1953 1143 1993 Subaudi
1174 1954 1270 2006 γυνή
1299 1971 1367 1995 τις.
1400 1952 1591 1992 REISK.
1652 1952 1805 1992 Verius

297 2010 521 2050 subaudias
542 2011 564 2060 ἡ
585 2009 694 2060 γυνή.
729 2010 987 2049 SCHAEF.

360 2076 479 2119 1374,
505 2078 569 2107 22.
597 2066 956 2115 μηδὲ-δημοτελῆ]
987 2064 1129 2104 Citant
1155 2065 1318 2104 Anecd.
1341 2064 1471 2104 Bekk.
1495 2078 1535 2117 p.
1560 2077 1649 2114 140,
1674 2076 1709 2103 2.
1733 2063 1803 2112 sic,

298 2125 346 2160 ut
366 2121 507 2173 legant
529 2123 582 2162 εἰς
602 2123 648 2159 τὰ
671 2123 753 2171 ἱερὰ
773 2123 904 2159 ταῦτα.
957 2121 1238 2160 Aberravitne
1258 2119 1555 2174 grammaticus
1575 2120 1628 2159 ad
1650 2134 1684 2159 v.
1711 2133 1774 2172 29.
1793 2121 1806 2160 ἓ

301 2175 424 2216 Certe
445 2176 623 2215 librariis
644 2175 720 2214 hoc
741 2175 894 2215 accidit
915 2175 1101 2215 codicum
1121 2176 1291 2229 aliquot.
1326 2177 1389 2215 SC
1398 2176 1582 2214 HAEF.

360 2242 479 2285 1375,
501 2241 540 2284 5.
570 2230 811 2283 βούλωνται]
846 2230 897 2269 Id
927 2236 991 2270 est
1021 2232 1236 2280 βούληταιῑ
1271 2245 1367 2270 nam
1394 2233 1509 2280 δῆμος
1536 2235 1599 2270 est
1627 2230 1804 2271 collecti-

299 2300 406 2326 vum.
467 2285 732 2327 constructio
768 2290 857 2324 est:
890 2287 971 2325 καθ’
1002 2287 1065 2326 οὓς
1095 2290 1291 2326 ποιεῖσθαι
1324 2289 1382 2325 δεῖ
1411 2287 1588 2335 πολίτην,
1622 2286 1688 2325 ἐάν
1718 2303 1805 2326 τινα

297 2343 519 2391 βούλωνται
550 2341 724 2393 (scilicet
750 2343 786 2380 οἱ
805 2340 1023 2392 Ἀθηναῖοι)
1053 2345 1249 2381 ποιεῖσθαι
1275 2343 1450 2391 πολίτην.
1482 2355 1651 2394 quarum
1679 2341 1804 2396 Zeyum

298 2412 316 2436 e
332 2398 517 2450 formula
541 2397 604 2436 vel
621 2397 869 2450 praescripto
899 2396 1018 2435 civem
1048 2403 1190 2449 oportet
1215 2411 1359 2445 creare,
1387 2397 1421 2436 si
1448 2411 1557 2450 quem
1584 2411 1718 2437 creare
1744 2412 1804 2438 ve-

299 2453 385 2493 lint.
427 2454 468 2493 h.
489 2453 513 2492 l.
538 2451 849 2506 Harpocration
876 2466 908 2491 V.
935 2453 1215 2501 Δημοποίητος·
1250 2455 1269 2491 ὁ
1299 2453 1408 2502 ξένος
1432 2454 1504 2501 μὲν
1525 2452 1578 2491 ὣν
1599 2453 1642 2502 τῇ
1671 2454 1802 2504 φύσει,

299 2509 372 2548 ὑπὸ
396 2510 437 2548 δὲ
460 2512 528 2548 τοῦ
555 2508 672 2558 δήμου
698 2509 857 2557 πολίτης
886 2507 1156 2558 γεγενημένος.
1197 2508 1242 2547 ὃν
1269 2510 1309 2547 δὲ
1333 2509 1474 2558 τρόπον
1503 2509 1681 2558 γίνονταί
1704 2525 1805 2550 τινες

299 2566 558 2614 δημοποίητοι,
582 2564 773 2613 δεδήλωκε
797 2562 1051 2612 Δημοσθένης
1079 2564 1122 2601 ἐν
1149 2566 1200 2616 τῷ
1233 2567 1327 2603 κατὰ
1354 2565 1538 2613 Νεαίρας,
1570 2565 1603 2602 εἰ
1630 2564 1802 2614 γνήσιος.

362 2689 480 2729 1375,
505 2686 541 2745 7.
563 2674 723 2728 οὕτω]
705 2691 753 2715 ως
773 2673 986 2724 Στέφανος
1030 2672 1081 2712 V.
1108 2688 1146 2726 p.
1168 2684 1285 2726 1377.
1309 2673 1363 2713 in
1396 2673 1643 2713 SOHAEF.

356 2732 475 2784 ὅμως]
507 2732 651 2780 ὅμως,
640 2745 665 2770 a
688 2728 844 2779 Wolfio
876 2728 917 2767 in
950 2729 1056 2778 ὑμεῖς
1085 2733 1304 2776 mutatum,
1327 2730 1430 2768 bene
1461 2729 1601 2769 habet.
1663 2730 1805 2769 Antea

301 2786 489 2825 universe
510 2786 673 2825 dixerat
696 2775 1005 2825 Athenienses
990 2798 1057 2837 Jus
1085 2784 1267 2824 civitatis
1288 2785 1347 2824 ita
1372 2784 1594 2837 impertile,
1617 2789 1665 2824 ut
1686 2799 1803 2837 quas—

301 2842 396 2881 dam
431 2842 541 2895 leges
575 2845 814 2895 sequantur.
877 2839 996 2878 Nunc
1031 2839 1191 2893 pergit:
1231 2841 1334 2879 Sed
1357 2846 1538 2893 praestat
1572 2841 1619 2879 de
1651 2840 1713 2879 his
1747 2854 1804 2879 me

300 2896 444 2949 leyibus
467 2896 695 2949 singulatim
720 2896 835 2949 loqui,
857 2908 929 2948 quo
953 2895 1080 2947 massis
1100 2895 1328 2948 ἱνῖοῖίίῃαΐιέ
1348 2900 1426 2934 etc.
1460 2895 1706 2935 SOHAEF.
