1935 3200
307 141 420 183 1216
669 143 990 185 ADVERSUS
1024 145 1472 186 MAOARTATUM.

305 248 463 290 audias,
503 249 719 289 ὑπεύθυνον
754 249 872 290 αὑτὸν
911 250 1076 300 ποιήσας
1114 251 1375 291 referendum
1415 254 1504 290 tam
1542 250 1597 290 ad
1637 250 1818 302 ἅψασθαι

306 319 432 358 quam
480 305 535 344 ad
583 306 829 357 ἀπαγαγεῖνε
882 310 930 346 ut
966 307 1141 347 delenda
1180 306 1236 346 sit
1275 306 1488 346 distinctio
1528 310 1625 359 post
1664 310 1815 357 βωμοῦ.

308 360 561 401 SOHAEF.
623 360 740 401 αὐτὸν
766 362 873 402 male
906 376 1102 402 excusum
1129 377 1205 416 pro
1234 361 1365 402 αὑτόν.
1427 362 1601 402 Notavit
1634 362 1817 403 Meierus

308 417 359 456 de
380 416 522 470 gentil.
547 416 642 456 Att.
666 431 705 470 p.
725 418 786 456 16.

368 473 488 525 1078,
509 485 572 526 23.
595 473 664 522 τὴν
683 474 819 524 μερίδα
839 477 915 512 τῶν
936 474 1077 527 κρεῶν]
1099 475 1122 524 ἡ
1142 474 1249 525 μερὶς
1269 477 1345 513 τῶυ
1367 477 1486 526 κρεῶν
1507 489 1605 528 pars
1626 474 1817 515 victimae

304 532 370 569 est
389 528 432 567 in
453 528 739 568 communibus
760 529 889 568 sacris
910 529 1158 578 immolatae,
1183 531 1300 583 eujus
1322 544 1466 570 carnes
1487 545 1538 569 ex
1563 545 1677 570 more
1706 530 1815 571 inter

304 585 526 638 phi-atores
548 583 860 624 distribuendae
881 590 1025 626 erant:
1058 586 1182 639 idque
1214 590 1441 635 κρεανομεῖν
1462 586 1615 627 dieitur
1635 591 1678 627 et
1701 604 1810 637 κρεα-

305 642 431 690 υομία.
483 640 599 681 Oonf.
635 640 877 694 Apollodor.
911 642 998 692 περὶ
1028 645 1126 682 θεῶν
1158 657 1224 696 ap.
1259 641 1514 696 Harpocrat.
1550 658 1581 682 s.
1613 657 1650 683 v.
1686 647 1810 693 μεῖον.

310 696 700 737 SCHOEMANN.
722 697 776 736 ad
799 697 963 737 Isaeum
985 713 1024 751 p.
1044 710 1139 750 425.

370 754 490 805 1078,
516 765 580 803 24.
602 754 725 806 παρὰ]
750 755 846 805 ὑπὲρ
867 754 1037 807 conjicit
1060 754 1244 794 Meierus
1266 754 1317 794 de
1337 753 1479 807 gentil.
1502 753 1597 794 Att.
1618 770 1658 808 p.
1679 757 1741 795 16.

370 810 490 859 1078,
511 810 575 850 28.
601 808 754 863 αὐτοὺς]
779 809 821 849 S.
846 810 931 852 τοὺς
952 812 1283 860 τετελευτηκότας.
1346 810 1426 850 Est
1443 810 1551 850 enim
1574 812 1818 851 εἰδωλοποιΐα

310 865 528 918 quaedam.
554 865 742 905 WOLF.
804 865 1031 920 Hagniam,
1051 866 1298 915 Eubuliden,
1321 866 1501 919 leliquos
1522 872 1722 922 cognatos
1744 868 1819 908 du-

309 921 407 960 dum
429 921 660 961 defunctos.
688 899 903 961 REISKO

371 987 490 1029 1079,
514 990 547 1017 1.
579 979 732 1026 θηρίων,
755 978 807 1029 οἵ]
833 977 949 1019 Conf.
973 982 1121 1019 notata
1141 979 1195 1018 ad
1218 978 1393 1019 Porsoni
1416 978 1579 1019 Heeub.
1601 994 1641 1033 p.
1665 993 1683 1012 0
1664 993 1729 1034 5
1753 981 1816 1020 ed.

309 1037 406 1073 tert.
432 1033 542 1086 Lips.
577 1033 687 1073 SOH
693 1034 824 1073 AEF.

371 1100 575 1143 1079,15.
605 1092 653 1129 τὰ
672 1092 761 1139 ὑμῖν
783 1091 910 1131 αὐτοῖς
932 1090 1199 1145 συμφέρουτα]
1230 1091 1403 1130 <Iudices
1425 1091 1536 1140 dicit,
1561 1092 1594 1131 Si
1624 1107 1699 1146 pro
1723 1093 1816 1133 Ma—

309 1149 475 1186 cartato
479 1146 765 1208 pipnuntia1e
786 1145 1029 1194 sustineant,
1053 1147 1124 1186 de
1119 1146 1342 1200 ignaturos
1370 1162 1458 1188 esse
1481 1149 1590 1201 quod
1622 1149 1743 1188 simili
1774 1149 1816 1188 in

310 1216 457 1242 caussa
477 1201 576 1256 ipsis
597 1201 863 1256 ipsorumque
879 1202 1017 1242 libelis
1034 1203 1331 1244 detiimentum
1347 1204 1448 1245 affe]
1449 1209 1507 1245 at
1535 1204 1785 1246 SCHAEF.
