1935 3200
269 115 384 153 1424
638 112 1034 153 DECLAMATIO
1067 112 1403 152 AMATORIA.

332 229 450 268 1412,
472 218 537 257 28.
558 216 627 266 τὴν
650 217 681 256 6⁵
700 218 1278 257 ἐπιστατοῦσαν-διακείσεται
1293 215 1472 266 βέλτιον]
1493 218 1616 256 καλῶς
1637 218 1773 254 διακεῖ-

270 276 361 312 σθαι
383 273 452 322 τὴν
471 274 629 324 γνώμην
654 272 757 313 satis
782 278 882 313 nota
910 273 1096 313 formula.
1150 273 1216 313 Sic
1247 272 1455 312 Isocrates
1482 271 1522 310 in
1552 271 1772 324 Euagora:

269 328 470 378 θαυμάζων
487 330 539 373 δὲ,
557 330 643 368 ὅσοι
660 332 725 378 τῆς
740 330 812 378 μὲν
829 332 958 381 ψυχῆς
977 330 1090 368 ἕνεκα
1106 333 1181 368 τῶν
1198 330 1332 368 ἄλλων
1346 331 1546 367 ποιοῦνται
1563 327 1631 376 τὴν
1649 327 1774 376 ἐπιμέ-

268 389 394 429 λειαν,
420 385 532 433 αὐτῆς
553 386 594 423 δὲ
614 387 732 434 μηδὲν
754 384 991 437 τυγχάνουσι
1022 387 1303 436 φροντίζοντες,
1333 384 1466 423 ἔπειτα
1495 384 1555 422 καὶ
1583 383 1669 433 περὶ
1699 387 1775 422 τῶν

267 439 501 490 πραγμάτων
523 441 591 490 τὴν
614 441 732 490 αὐτὴν
753 441 925 480 διάνοιαν
942 441 1060 493 εἶχεν.
1092 441 1309 481 Demirans
1331 454 1399 487 eos,
1422 439 1491 492 qui
1512 439 1615 478 vitae
1637 452 1775 478 caussa

267 502 511 534 caeterarum
542 510 676 536 76777777
708 511 846 536 emam
880 498 1125 550 3773οἰρθ7Ὴσ77ί
1158 497 1286 550 ipsam
1317 510 1405 535 7670
1436 501 1608 543 mentem,
1638 508 1664 533 a
1696 508 1776 548 qua

267 552 372 590 vitae
407 552 523 592 totius
556 566 739 592 77777767377
775 553 878 592 τάτιο
910 553 1068 604 pendet.
1106 553 1260 592 omnino
1294 552 1543 605 ozeqtz'qerent,
1579 553 1623 589 in
1663 551 1777 590 rebus

266 607 407 647 deinde
420 607 757 648 adminzstmndis
776 609 878 648 idem
892 609 1017 661 plane
1037 609 1152 649 sen'szt
1172 623 1220 649 ac
1240 608 1376 648 tenuit.
1394 607 1450 646 W
1457 607 1776 646 OLF.Ve1eor

267 670 314 702 ut
356 664 412 702 W
415 664 533 703 olfius
582 664 683 704 haee
730 669 844 704 recte
888 665 1150 705 intellexerit.
1212 665 1248 704 E
1299 663 1543 717 peivulgato
1588 662 1775 716 syntaxis

267 719 451 760 Graecae
483 719 682 760 idiomate
714 726 811 761 sunt
840 721 952 760 dicta
986 735 1062 774 pro
1091 721 1179 760 his:
1213 722 1315 762 ὅπως
1343 721 1374 759 δ’
1400 720 1422 770 ἡ
1455 721 1776 759 ἐπιστατοῦσα-

267 777 501 815 διακείσεται
521 777 696 827 βέλτιον,
718 777 769 827 μὴ
790 781 926 827 ζητεῖν.
961 777 1211 817 SCHAEF.

328 845 449 885 1413,
479 845 519 885 3.
564 836 643 874 τοῖς
684 833 1015 886 σπουδαιοτάτοις]
1053 834 1094 872 S.
1130 834 1357 884 ἀνθρώποις.
1403 831 1669 871 admirationi
1700 845 1775 871 esse

266 888 368 927 inter
398 889 756 941 praestantissimos
792 889 906 929 υῖνοε.
970 889 1012 929 Si
1048 889 1333 942 subintelligas
1367 887 1578 938 πράγμασι,
1611 894 1776 939 propter

266 958 328 982 res
358 944 720 997 praestantissimas
751 945 795 984 in
830 945 1108 993 admiratione,
1143 945 1285 984 durius
1318 943 1537 984 videbitur.
1578 943 1770 983 WOLF.

268 999 376 1038 Mihi
399 999 566 1052 quidem
587 1015 669 1039 non
690 1001 864 1041 videtur.
923 1001 1031 1052 Quin
1052 1001 1239 1041 neutrius
1261 1015 1349 1040 esse
1370 999 1533 1054 generis
1554 1003 1634 1040 τοῖς
1655 1016 1773 1039 σπου-

266 1056 479 1097 δαιοτάτοις
499 1056 639 1105 alouit
661 1057 770 1110 quod
792 1057 979 1110 sequitur
998 1058 1162 1107 μηδενὸς
1183 1061 1258 1097 τῶν
1281 1058 1460 1106 ἐνδόξων.
1524 1055 1610 1095 Nec
1633 1060 1774 1095 tamen

266 1111 523 1164 quidquam
514 1127 555 1151 111
577 1112 640 1151 his
661 1118 724 1153 est
746 1113 927 1166 elliptici.
961 1113 1207 1153 SGHAEF.

332 1181 444 1221 1413
467 1178 505 1221 5.
529 1185 594 1217 της
614 1170 686 1217 μὲν
708 1171 798 1220 γὰρ]
823 1170 862 1208 S.
886 1170 1013 1221 τύχης.
1038 1169 1225 1209 WOLF.

321 1240 385 1273 της
406 1223 456 1276 δ’]
481 1241 546 1274 της
569 1226 807 1274 ἐπιμελείας.
830 1225 1021 1264 WOLF.

326 1292 446 1332 1413,
479 1292 535 1332 17.
569 1282 607 1320 τί
624 1282 706 1320 ποτ’
729 1281 886 1331 ἂν-μη
907 1285 1048 1330 ταύτην
1071 1279 1302 1334 κατασχεῖν]
1330 1281 1412 1320 Cur
1441 1294 1487 1319 ea
1510 1278 1641 1333 poteri
1671 1277 1770 1317 770ίὶ-

263 1350 372 1375 mus.
368 1338 385 1366 9
423 1335 476 1374 W
484 1336 611 1375 OLF.
663 1338 802 1387 ταύτην
834 1341 1046 1388 κατασχεῖν
1076 1353 1145 1385 την
1173 1337 1441 1387 πραγματείαν
1469 1335 1494 1375 i.
1520 1351 1557 1389 q.
1579 1337 1630 1388 τῷ
1660 1338 1773 1374 τοῦτο

263 1393 641 1443 πραγματεύεσθαι
625 1410 915 1444 εγκαρτερησαι.
949 1393 1012 1433 S(
1018 1393 1077 1431 H
1075 1392 1199 1432 &ER

329 1462 444 1502 1413,
480 1461 544 1500 27.
595 1452 699 1500 παρὰ
745 1450 814 1499 τὴν
855 1448 1088 1503 ἐπιστήμην]
1136 1449 1248 1499 Quod
1284 1448 1422 1488 attinet
1461 1447 1519 1487 ad
1556 1447 1772 1486 scientiam.

267 1504 512 1544 SOHAEF.

324 1574 445 1612 7474,
475 1575 507 1600 7.
539 1561 717 1615 μάλισθ’]
753 1561 938 1602 subaudi
961 1577 985 1601 a
1007 1561 1215 1601 communi
1236 1562 1419 1611 βελτίους
1440 1562 1641 1612 γίγνονται
1662 1558 1773 1598 αὗται

263 1619 302 1656 αἱ
324 1619 463 1667 φύσεις
483 1620 586 1668 παρὰ
608 1618 677 1667 τὴν
698 1620 889 1658 παιδείαν.
923 1618 1114 1657 REISK.

327 1687 441 1723 7474,
456 1683 495 1727 5.
520 1673 721 1726 ἀχρήστως
742 1673 933 1728 ἔχουσαν]
955 1674 1119 1714 Scilicet
1141 1674 1174 1713 si
1191 1673 1282 1727 quis
1301 1676 1343 1713 ἐν
1363 1676 1406 1728 τῇ
1428 1674 1539 1726 πείρᾳ
1556 1670 1770 1724 διασφαλῇ.

265 1729 458 1768 ,ἶΕΙΞΚ

324 1799 444 1836 1414,
481 1799 542 1825 12.
587 1787 967 1836 ἐπίστασθαι-περὶ
1013 1790 1088 1825 τῶν
1127 1786 1343 1838 μεγίστων]
1392 1785 1446 1824 Υ.
1481 1784 1540 1824 H.
1568 1781 1769 1837 Stephani

263 1841 384 1881 lhos.
407 1856 439 1881 s.
463 1857 500 1881 v
527 1843 747 1892 ἐπίσταμαι.
780 1842 1026 1883 SCHAEF.

324 1911 442 1949 7474,
472 1908 531 1952 75.
564 1898 650 1939 τοὺς
670 1899 888 1940 πολιτικους
910 1897 1070 1952 λόγους]
1100 1897 1166 1938 Sic
1187 1898 1375 1938 nominat
1396 1897 1523 1938 etiam
1545 1910 1608 1949 pl
1597 1897 1770 1948 ‘tecept‘t

260 1954 468 2007 gelendae
489 1954 687 2007 leipublic·
691 1968 751 2002 a,e
774 1969 856 1993 non
878 1958 1043 1994 tantum
1065 1955 1269 1994 forensem
1290 1959 1332 1994 et
1354 1952 1605 1994 senatoriam
1624 1950 1770 1990 dictio-

263 2024 367 2049 nem.
402 2010 439 2048 V
446 2010 511 2049 ide
531 2011 568 2048 V
574 2010 675 2050 itam
691 2010 888 2050 Isocratis
905 2015 947 2050 et
965 2011 1024 2050 Or
1025 2011 1208 2050 ationem
1226 2013 1321 2050 κατὰ
1337 2014 1551 2062 σοφιστῶν.
1577 2007 1635 2046 ΧΥ
1641 2007 1768 2047 OLF.

326 2080 440 2117 7474,
469 2068 526 2105 76.
550 2070 613 2116 τῆς
636 2068 710 2117 γὰρ
728 2067 1037 2119 γεωμετρίας-]
1068 2067 1180 2107 Satis
1202 2067 1279 2106 hoc
1303 2070 1545 2118 σωκρατικῶς
1566 2078 1649 2104 non
1670 2063 1770 2104 item

262 2126 416 2169 ccteia,
439 2122 508 2161 sed
534 2127 780 2172 σοφιστικῶς.
816 2123 1060 2163 SOHAEF.

326 2191 442 2228 7474,
470 2188 533 2231 25.
552 2178 847 2241 πλησιασαντα]
868 2178 1063 2218 Recurrit
1084 2194 1124 2232 p.
1145 2192 1263 2232 7475,
1287 2191 1348 2231 13.
1382 2177 1421 2215 V
1426 2178 1597 2217 elbum
1592 2175 1770 2215 solennis

263 2247 359 2272 usus
392 2233 442 2273 de
479 2233 679 2286 discipulo
712 2234 959 2288 magistrum
992 2239 1193 2274 sectante.
1248 2234 1299 2273 V
1328 2234 1384 2273 H.
1409 2231 1612 2285 Stephani
1645 2231 1766 2271 Thes.

324 2359 441 2396 1414.
468 2345 532 2384 28.
568 2345 840 2399 ὑπερηφάνως]
877 2345 1003 2385 Unde
1043 2345 1171 2385 etiam
1212 2349 1429 2399 suspectus
1468 2343 1546 2383 fuit
1581 2342 1767 2383 affectati

263 2401 393 2454 regni.
420 2400 608 2440 WOLF.

319 2457 524 2511 ταπεινῶς]
561 2456 838 2496 Referendum
871 2456 947 2496 hoc
978 2457 1142 2497 videtur
1176 2457 1229 2497 ad
1270 2456 1575 2497 familiaritates
1607 2469 1766 2494 scurra-

262 2527 353 2551 rum
385 2517 427 2552 et
458 2512 723 2552 meretricum
753 2517 795 2552 et
827 2512 978 2566 ingenii
1010 2513 1244 2553 levitatem:
1283 2513 1351 2566 qui
1387 2528 1430 2553 se
1466 2511 1648 2552 omnium
1681 2525 1766 2550 mo-

264 2568 376 2608 ribus
406 2568 742 2617 accommodarit,
766 2582 840 2608 nec
868 2573 1009 2609 tamen
1030 2569 1267 2609 libidinibus
1299 2569 1382 2609 suis
1412 2569 1579 2609 modum
1606 2566 1764 2606 fecerit.

265 2625 389 2664 Unde
411 2625 537 2665 etiam
553 2625 664 2678 apud
688 2625 1036 2664 Lacedaemonios
1057 2627 1079 2675 ἡ
1110 2625 1202 2675 αὐτὴ
1230 2626 1278 2675 ἣν
1305 2626 1413 2678 γυνὴ,
1437 2630 1483 2665 ut
1511 2625 1572 2665 ait
1602 2623 1766 2662 Plutar-

264 2681 377 2720 chus.
404 2681 592 2720 WOLF.
655 2680 904 2721 Plutarchus
927 2681 981 2720 Υ.
1007 2681 1140 2721 Aleib.
1162 2695 1195 2720 c.
1221 2693 1285 2735 23.
1315 2682 1366 2721 de
1396 2681 1561 2720 homine
1591 2682 1765 2732 usurpat

266 2736 535 2789 Euripideum
558 2737 714 2787 (Orest.
738 2740 876 2791 129.):
904 2735 1046 2776 ’Έστιν
1066 2738 1088 2787 ἡ
1109 2737 1229 2776 πάλαι
1249 2738 1359 2788 γυνή.
1393 2735 1641 2777 SGHAEF.

326 2803 443 2845 7475,
472 2805 532 2833 12.
566 2794 794 2845 διενεγκεῖν]
828 2793 911 2832 Per
931 2793 1073 2843 διήκειν
1095 2793 1274 2846 explicat
1297 2793 1436 2834 Reisk.
1458 2793 1500 2832 in
1523 2791 1614 2832 Ind.
1637 2791 1764 2830 Grae-

264 2847 379 2887 vitat.
428 2848 567 2888 Recte.
620 2848 803 2888 Subaudi
827 2848 976 2899 ἑαυτήν.
1010 2848 1253 2889 SOHAEF.
