1935 3200
316 147 426 186 1280
700 147 1022 187 ADVERSUS
1056 147 1446 187 TIMOTHEUM.

316 264 395 303 que
423 249 623 288 curiosior
653 249 711 289 sic
739 249 970 302 scriptulus
998 255 1092 290 erat
1107 249 1241 300 ;-ὑφ’
1273 252 1392 300 ὑμῶν,
1416 251 1573 290 εἰδότων
1593 266 1639 301 γε
1672 249 1827 289 πάντων

316 305 383 344 τὸν
408 305 818 355 πατέρα-προθύμως
840 306 1118 353 ἀναλίσκοντα,
1143 306 1225 345 εἶτα
1257 307 1319 345 καὶ
1351 307 1563 355 ἐπιτηδείου
1595 306 1704 347 ὄντος
1727 306 1826 358 αὐτῷ

319 360 630 411 Καλλιστράτου,
665 361 859 411 ὅσπερ-.
921 360 1074 401 Similis
1107 361 1217 401 ratio
1253 366 1491 401 structurae
1527 365 1590 400 est
1626 376 1664 414 p.
1696 373 1810 411 1207.
1804 393 1825 408 .,

317 416 385 455 ubi
409 430 502 455 cum
525 415 680 456 Orator
701 431 735 455 v.
763 419 822 456 16.
845 431 963 456 orsus
980 421 1089 456 esset
1109 431 1135 456 a
1156 416 1326 456 verbis‘
1312 418 1370 456 ότι
1389 419 1514 466 Τῆνος
1533 418 1676 466 μὲν-,
1694 416 1827 469 perio-

317 471 415 510 dum
445 486 520 525 per
549 471 708 524 aliquot
738 473 924 512 membra
952 486 1102 512 nexam
1131 473 1184 512 ab
1217 472 1285 511 illo
1314 474 1372 512 ὅτι
1399 471 1594 526 genitivis
1624 471 1827 512 absolutis

316 542 351 566 v.
379 540 443 580 23.
466 526 638 567 clausit:
673 527 728 567 ἔτι
750 529 790 567 δὲ
813 532 888 567 τῶν
911 529 1270 578 ἐμπόρων-ὄντων
1293 546 1324 567 κ.
1343 544 1376 567 τ.
1393 534 1431 567 λ.
1466 528 1725 567 SCHAEF.

382 584 497 636 1198,
527 596 587 635 15.
625 583 707 634 οὐκ]
745 584 812 622 οὐκ
846 583 957 623 delet
995 583 1232 623 Lambinus.
1295 584 1358 622 Ac
1395 582 1559 623 videtur
1594 582 1826 630 delendum,

316 638 394 677 nisi
418 638 604 677 volumus
629 638 738 678 hunc
761 638 1033 679 Atticismum
1055 654 1143 678 esse
1165 644 1208 679 et
1228 639 1454 692 accipimus
1483 638 1708 678 dictionem
1728 641 1826 688 μᾶλ-

316 700 390 733 λον
420 693 441 743 ἢ
464 695 508 734 οὐ
539 708 614 747 pro
637 695 698 733 καὶ
725 695 769 734 οὐ
793 698 963 745 μᾶλλον.
1002 709 1081 748 qua
1112 695 1158 734 cle
1187 709 1327 735 caussa
1354 694 1533 734 voluisset
1553 700 1676 747 pater·
1700 694 1827 734 Timo-

316 749 443 789 theum
473 749 581 789 nobis
605 749 810 789 debitorem
831 751 1022 790 incertmn
1044 750 1276 804 relinquere,
1298 756 1332 790 et
1353 764 1423 790 eur
1442 764 1518 790 non
1530 750 1669 803 potius
1686 749 1827 790 voluis—

315 812 369 845 set
400 820 465 845 aes
497 805 666 845 debitum
698 820 744 846 eae
779 806 1015 845 Antimachi
1044 805 1264 846 substantia
1298 807 1504 858 confiscata
1525 806 1675 858 ferre?
1707 805 1827 846 Facit

317 860 423 901 hanc
443 861 719 915 suspicionem
740 861 995 915 probabilem
1017 861 1130 901 locus
1152 861 1294 901 similis
1326 876 1365 915 p.
1387 874 1506 909 1200,
1532 873 1609 909 12.,
1633 861 1703 901 ubi
1725 861 1826 901 item

316 919 472 965 μᾶλλον
498 916 520 966 ἢ
552 917 595 956 οὐ
628 917 884 957 reddendum
916 922 979 957 est
1014 924 1049 957 et
1078 932 1155 957 ozon
1179 918 1312 972 potius
1344 931 1407 957 aes
1438 917 1545 957 illud
1568 917 1828 971 oppiynerare

318 972 525 1026 Philippo.
591 973 714 1012 Unde
744 972 896 1026 incipio
927 973 1140 1026 suspicari,
1168 988 1248 1013 non
1271 974 1546 1026 spernendam
1568 987 1656 1013 esse
1686 973 1825 1013 lectio-

318 1042 411 1067 nem
443 1028 595 1067 codicis
632 1028 821 1068 Bavarici
856 1028 974 1069 initio
1008 1029 1208 1069 orationis
1249 1029 1371 1082 hujus
1406 1028 1447 1068 in
1481 1029 1747 1069 Timotheum
1782 1044 1821 1082 p.

323 1084 440 1137 1185,
469 1095 531 1135 17.
563 1088 718 1133 μᾶλλον
743 1083 765 1133 ἢ
787 1085 831 1124 οὐ
850 1085 1027 1138 Τιμοθέῳ
1055 1086 1303 1136 ὑπηρετῆσαι.
1338 1085 1518 1138 quamvis
1544 1099 1710 1139 magnas
1739 1099 1827 1137 opes

316 1140 419 1178 tanti
446 1153 522 1179 «non
540 1140 710 1192 fecisset,
743 1147 786 1179 ut
812 1154 887 1179 non
907 1141 1044 1193 potius
1071 1141 1248 1180 voluisset
1275 1140 1468 1180 Timotheo
1494 1140 1685 1180 inservire
1711 1147 1826 1194 atque

311 1196 541 1248 yrat‘zjficarc'
561 1196 731 1248 meanti.
783 1195 891 1236 Item
912 1211 951 1249 p.
975 1198 1094 1243 1226,
1115 1208 1178 1249 23.
1212 1196 1408 1236 REISK.
1451 1196 1699 1251 Negativam
1720 1197 1824 1236 bene

316 1254 471 1290 tuetur.
533 1251 782 1291 Redundare
804 1252 881 1291 hac
903 1251 944 1290 in
965 1252 1142 1292 formula
1163 1252 1263 1292 dicit
1286 1252 1375 1291 Ind.
1400 1252 1628 1292 Graecitat.
1653 1267 1686 1291 s.
1704 1267 1740 1291 v.
1766 1252 1822 1300 οὐ,

316 1321 421 1359 quae
444 1306 520 1346 fuit
541 1306 733 1347 doctrina
749 1307 876 1347 etiam
898 1312 1084 1348 veterum
1105 1307 1488 1361 grammaticorum,
1509 1312 1556 1348 ut
1576 1308 1824 1348 scholiastae

315 1362 369 1401 ad
393 1362 621 1415 Thucydid.
645 1376 684 1416 3,
707 1365 775 1416 36.
807 1368 850 1403 et
872 1363 1062 1417 Gregorii
1085 1363 1290 1404 Corinthii
1321 1378 1360 1417 p.
1389 1377 1492 1412 102.,
1526 1364 1594 1404 ubi
1626 1379 1662 1404 v.
1695 1364 1823 1404 inter-

315 1422 422 1470 pret.
485 1418 629 1471 Neque
651 1433 726 1472 ego
751 1419 947 1473 refrager.
1009 1419 1075 1459 Sic
1104 1419 1211 1460 Galli
1244 1434 1290 1459 ne
1315 1424 1477 1473 ponunt
1504 1425 1600 1473 post
1616 1419 1714 1473 plus
1737 1434 1821 1474 que,

318 1474 414 1514 Itali
446 1488 522 1513 non
550 1479 650 1527 ⁴post
682 1475 761 1526 ρὶιὶ
796 1475 871 1515 elce.
932 1475 997 1514 Ac
1033 1475 1254 1515 videndum
1290 1490 1341 1515 ne
1381 1475 1508 1516 etiam
1548 1491 1587 1530 p.
1611 1489 1729 1529 1195,
1757 1489 1819 1515 11.

315 1534 460 1569 orator
500 1530 709 1583 scripserit
748 1530 770 1580 ἢ
812 1531 856 1570 οὐ
895 1531 1070 1584 Τιμοθέῳ
1107 1533 1357 1583 χαρίσασθαι.
1420 1531 1532 1572 Add.
1574 1547 1613 1586 p.
1637 1533 1730 1585 867,
1759 1544 1820 1571 12.

321 1596 437 1639 1225,
464 1588 530 1626 26.
565 1587 823 1626 SCHAEF.

374 1642 491 1693 1198,
520 1644 581 1681 16.
610 1642 991 1696 ἐνεπισκηψάμενος]
1031 1643 1146 1683 Citat
1176 1644 1216 1682 h.
1238 1644 1261 1682 l.
1291 1648 1365 1683 aut
1390 1658 1426 1683 v.
1448 1657 1486 1697 5.
1518 1643 1740 1683 similemve
1771 1657 1821 1683 ex

311 1697 387 1736 hac
410 1697 559 1736 vicinia
581 1697 895 1750 Harpocration
917 1713 950 1737 v.
974 1699 1279 1748 Ἐνεπίσκημμα.
1313 1698 1505 1739 REISK.
1567 1699 1632 1738 De
1655 1699 1821 1752 Harpo-

312 1752 497 1792 oratione
518 1768 553 1792 v.
576 1758 662 1792 not.
686 1754 739 1793 ad
761 1769 801 1806 p.
826 1765 942 1807 ¹197,
964 1766 1025 1805 27.
1061 1754 1311 1794 SOHAEF.

368 1809 453 1858 περὶ
494 1810 535 1847 δὲ
575 1813 650 1847 τῶν
690 1812 830 1861 χιλίων
871 1812 1068 1862 δραχμῶν]
1125 1810 1238 1860 Quod
1274 1817 1403 1850 (tatem
1442 1808 1583 1848 attinet
1617 1809 1675 1849 ad
1712 1809 1823 1850 mille

310 1863 531 1903 drachmas.
595 1864 709 1904 Infra
739 1880 778 1918 p.
809 1878 924 1912 1200,
957 1878 1021 1905 20.
1052 1866 1138 1916 περὶ
1158 1867 1230 1915 μὲν
1251 1867 1381 1905 τοίνυν
1401 1868 1477 1904 τῶν
1498 1869 1652 1915 φιαλῶν
1674 1866 1735 1904 καὶ
1756 1868 1823 1914 τῆς

309 1922 477 1968 μνᾶς-.
528 1920 660 1958 Porro
691 1921 795 1973 quod
822 1921 961 1961 attinet
993 1928 1063 1960 ant
1088 1921 1256 1974 phialas
1287 1928 1320 1960 et
1350 1920 1571 1960 minam—.
1633 1920 1745 1960 Add.
1777 1935 1816 1974 p.

320 1986 435 2022 1202,
457 1977 519 2014 26.
569 1975 685 2015 Gonf.
707 1991 747 2029 p.
773 1989 832 2027 14,
859 1977 919 2016 18.
948 1977 1065 2023 1218,
1086 1978 1122 2016 8.
1157 1977 1416 2017 SCHAEF.

373 2043 492 2092 1199,
514 2044 553 2083 3.
577 2035 651 2070 τῶν
673 2036 810 2071 κοινῶν
832 2032 1068 2083 συντάξεων]
1094 2036 1170 2072 τῶν
1193 2037 1330 2072 κοινῶν
1351 2033 1497 2083 φόρων.
1549 2031 1687 2071 Docet
1708 2031 1817 2084 quod

311 2085 455 2124 statim
476 2086 674 2139 sequitur,
698 2089 744 2126 τὰ
766 2089 806 2126 δὲ
828 2105 1005 2138 χρηματα
1027 2105 1060 2127 κ
1079 2105 1111 2127 τ.
1131 2095 1168 2127 λ.
1204 2088 1462 2127 SCHAEF.

374 2154 489 2193 1199,
512 2156 551 2192 4.
581 2143 838 2194 μισθοφορία]
880 2144 1009 2196 Opera
1040 2157 1241 2183 memma}
1243 2158 1285 2183 ια
1322 2142 1532 2182 Lobeckio
1561 2141 1734 2195 Parerg.
1765 2141 1820 2181 ad

312 2195 535 2248 Phrynich.
569 2211 607 2250 p.
629 2211 725 2250 491.
757 2198 866 2236 hunc
896 2198 1030 2251 ipsum
1062 2199 1197 2238 locum
1229 2198 1401 2238 citanti.
1435 2197 1533 2236 mihi
1565 2197 1818 2248 stipendium.

314 2251 572 2290 SCHAEF.

371 2320 386 2344 Ι
405 2319 489 2359 199,
511 2317 546 2359 7.
578 2307 699 2348 οὐδεις
720 2308 892 2348 κίνδυνος
913 2307 973 2347 ὑπ’
994 2307 1214 2358 Αθηναιων
1235 2308 1297 2358 ην]
1328 2307 1567 2361 Xenophon
1593 2307 1755 2347 Hellen.
1779 2309 1817 2355 6,

310 2374 350 2413 5,
373 2374 441 2413 43.
475 2364 511 2400 εἴ
528 2378 621 2401 ποτε
642 2362 764 2401 πάλιν
784 2363 891 2401 ἔλθοι
912 2364 955 2412 τῇ
976 2362 1145 2402 τΕλλάδι
1176 2365 1347 2404 κίνδυνος
1374 2363 1447 2402 ὑπὸ
1467 2362 1692 2413 βαρβάρων.
1755 2363 1817 2403 Ne

310 2417 418 2456 forte
439 2417 616 2456 abutens
640 2417 781 2456 Melet.
807 2417 908 2457 Crit.
930 2432 970 2470 p.
995 2419 1060 2468 84.
1082 2423 1203 2471 putes
1225 2419 1266 2457 h.
1289 2418 1314 2457 l.
1340 2418 1601 2458 scribendum
1633 2432 1721 2458 esse
1753 2417 1816 2458 ἀπ’

310 2472 540 2521 Ἀθηναίων.
574 2472 824 2512 SOHAEF.

372 2541 490 2581 1199,
518 2529 575 2567 16.
598 2529 766 2580 ὁπόσον]
794 2527 924 2567 Scrib.
947 2529 1085 2567 πόσον.
1149 2528 1265 2569 Conf.
1289 2543 1395 2581 quae
1418 2528 1619 2582 adscripsi
1639 2529 1693 2569 ad
1717 2529 1817 2568 Por-

311 2583 399 2622 soni
436 2582 647 2622 Phoeniss.
678 2598 718 2636 p.
745 2583 811 2622 68.
838 2583 901 2622 ed.
935 2588 1031 2622 tert.
1061 2583 1172 2636 Lips.
1226 2584 1453 2638 Vulgatam
1486 2584 1620 2624 textui
1655 2584 1817 2624 videtur

310 2638 536 2678 affricuisse
566 2639 679 2678 labes
711 2638 966 2678 Graecitatis
996 2639 1224 2679 citerioris:
1258 2639 1459 2692 idemque,
1489 2639 1647 2693 opinor,
1675 2646 1817 2679 tenen-

311 2695 409 2733 dum
442 2699 517 2733 aut
547 2694 598 2733 de
630 2693 819 2733 omnibus
849 2699 924 2734 aut
951 2694 1002 2733 de
1034 2694 1236 2747 plerisque
1270 2695 1533 2735 classicorum
1567 2695 1815 2748 scriptorum

310 2749 421 2796 locis,
455 2748 524 2788 ubi
558 2749 730 2789 relativa
761 2749 847 2789 vice
874 2750 1104 2803 funguntur
1131 2750 1537 2804 interrogativorum.
1588 2750 1704 2791 Conf.
1738 2750 1815 2789 Lo-

308 2805 423 2844 beck.
447 2804 501 2843 ad
522 2804 677 2857 Phryn.
699 2820 740 2858 p.
761 2815 829 2858 57.
864 2806 1124 2845 SCHAEF.
1186 2806 1352 2859 Recepi.

367 2859 560 2912 ποδαπὸν]
585 2861 716 2913 Οιῴαε.
771 2860 935 2900 Scilicet
956 2874 1025 2900 aes
1046 2860 1157 2900 aliud
1178 2861 1258 2900 alio
1280 2860 1513 2914 pretiosius.
1551 2861 1810 2900 SCHAEF.

373 2927 489 2966 1199,
525 2927 589 2954 21.
622 2917 823 2968 μισθωτοὶ]
870 2915 1072 2968 Operarii,
1115 2916 1183 2968 qui
1229 2930 1352 2956 manu
1395 2920 1613 2969 quaestum
1653 2914 1811 2955 faciunt
