1935 3200
274 102 376 140 1468

320 200 463 234 cellebat
481 201 560 244 238,
578 210 611 244 5.
655 199 813 233 Forsitan
831 199 922 233 idem
940 206 992 233 est

320 247 361 286 is,
386 247 485 291 cujus
509 246 639 279 mentio
663 245 701 279 fit
724 244 803 290 467,
821 254 874 290 17.
914 245 992 279 Fuit

318 293 355 325 in
387 303 533 326 numero
566 297 645 325 octo
678 297 868 331 oratorum,
902 303 991 336 quos

318 337 515 371 Alexander
543 338 595 371 M.
622 337 666 371 ad
693 337 902 381 supplicium
933 337 991 371 de-

318 384 488 427 poposcit.

273 429 501 463 Callisthenes
533 429 714 473 Sphettius
743 434 890 462 testatur
920 430 991 463 De-

317 475 492 509 mostheni
515 475 681 509 adversus
699 475 990 520 Thrasylochum,

319 521 449 555 Midiae
466 522 608 555 fratrem
626 530 705 563 541,
725 521 758 554 6.

273 566 504 607 Callistratus,
523 567 613 600 filius
634 566 837 606 CallicratiS,
855 566 991 611 Aphid-

317 625 436 653 naeus,
455 613 587 647 celeber
609 618 735 653 orator,
756 614 855 657 cujus
876 624 991 646 exem-

316 660 383 703 plis
430 664 660 702 compunctus
709 665 742 692 et
786 659 991 692 exercitatus

318 705 586 745 Demosthenes,
637 704 828 738 admodum
877 704 991 738 adhuc

316 757 393 784 tum
422 751 635 791 adolescens,
664 752 821 784 animum
847 750 891 784 ad
920 752 991 784 elo-

316 799 476 842 quentiae
499 797 654 830 studium
679 797 812 840 appulit
835 807 914 840 301,
937 797 990 830 18.

316 848 519 876 numeratur
542 843 577 876 in
601 843 700 876 claris
724 849 756 876 et
780 843 990 886 pollentibus

316 889 509 934 iisdemque
534 889 689 922 honestis
713 894 745 922 et
770 889 888 932 probis
915 900 988 922 ora-

316 935 451 969 toribus
484 934 564 979 436,
590 946 642 978 13.
679 943 756 979 742,
783 946 836 979 23.
872 940 991 968 auctor

317 981 384 1014 fuit
402 981 676 1014 Atheniensibus
702 987 740 1014 ut
760 980 990 1014 Lacedaemo-

316 1027 457 1060 niorum
480 1038 533 1060 res
560 1039 579 1060 a
601 1026 775 1060 Thebanis
801 1032 990 1070 prostratas

317 1078 350 1106 et
367 1073 403 1105 in
421 1084 599 1106 summum
619 1072 805 1106 discrimen
823 1072 989 1106 adductas

316 1119 507 1152 relevarent
521 1125 624 1163 atque
637 1124 872 1152 sustentarent
890 1127 990 1162 1353,

321 1176 374 1208 19.
410 1164 609 1208 Stephanus
639 1165 668 1197 ei
696 1164 856 1197 adulatus
883 1170 916 1197 et
941 1165 990 1197 fa-

317 1211 471 1243 mulatus
505 1216 556 1244 est
593 1219 691 1254 1359,
722 1211 774 1243 18.
806 1210 991 1243 Timotheo

320 1256 475 1289 Cononis
509 1256 601 1289 diem
635 1256 720 1289 dixit
755 1256 803 1289 rei
836 1256 990 1300 capitalis

322 1303 422 1346 1187,
450 1311 481 1346 7.
522 1303 621 1342 1188,
652 1313 705 1336 10.
747 1301 991 1335 condemnavit

318 1348 580 1388 Antimachum,
616 1348 790 1381 Timothei
831 1354 990 1392 quaesto-

284 1393 287 1395 ’
309 1393 403 1434 rem,
430 1394 573 1439 ejusque
598 1395 778 1427 facultates
803 1394 991 1438 publicavit

322 1441 421 1485 1198,
444 1452 496 1474 10.
544 1440 641 1474 Sitne
675 1440 766 1473 idem
795 1446 898 1484 atque
932 1441 991 1485 qui

318 1498 352 1530 p.
375 1497 462 1520 1220
480 1487 542 1519 ult.
573 1493 606 1520 et
630 1497 729 1525 1221,
752 1498 804 1531 19.
839 1498 990 1519 comme-

318 1538 474 1566 moratur
502 1538 541 1565 ut
562 1533 660 1566 exsul
690 1533 742 1565 bis
769 1532 873 1565 morti
895 1532 991 1565 dam-

318 1584 421 1611 natus
468 1584 500 1612 et
549 1578 778 1617 Timomachi,
831 1578 992 1621 praefecti

319 1624 438 1657 classis
472 1624 605 1657 Atticae
637 1604 990 1666 111Πῖ11110101ε1,κηδε-

319 1670 413 1713 στὴς,
442 1671 576 1703 brother
605 1671 639 1703 in
677 1671 751 1707 lau,
780 1669 873 1702 haud
908 1669 991 1703 defi-

318 1716 422 1749 niam.
470 1716 646 1749 Bartonus
674 1716 716 1748 ad
752 1716 926 1749 Plutachh
957 1728 990 1759 p.

322 1762 398 1795 181.
422 1767 538 1794 censet
548 1762 642 1795 hunc
657 1768 826 1795 oratorem
842 1761 991 1795 eundem

319 1819 394 1840 esse
434 1819 515 1840 011111
557 1808 614 1840 1110
649 1807 753 1841 Callis
757 1813 857 1847 tiato,
892 1808 991 1852 cujus

317 1854 573 1886 lamentabilem
597 1854 727 1887 exitum
750 1834 932 1898 Lycuisrus
956 1865 991 1886 111

318 1905 404 1932 orat.
428 1900 464 1932 111
490 1899 690 1932 Leocratem
712 1911 746 1943 p.
767 1909 842 1943 159,
863 1898 916 1932 26.
935 1899 990 1933 ed.

320 1945 368 1978 H.
390 1945 510 1988 Steph.
530 1952 687 1985 enarrat,
715 1958 801 1990 quae
818 1957 889 1978 non
908 1957 990 1978 con-

319 1991 396 2024 cilio
430 2002 510 2024 cum
544 1992 780 2024 aestimatione
810 1991 991 2035 probitatis

319 2042 351 2070 et
369 2037 479 2080 gratia
499 2037 668 2081 populari,
687 2049 755 2082 qua
774 2037 991 2070 Callistratus

318 2082 445 2115 floruit.
482 2082 670 2116 Pausanias
689 2095 827 2127 quoque
848 2084 884 2116 iu
906 2083 991 2116 Sici-

318 2128 363 2161 lia
388 2139 467 2161 eum
493 2128 606 2161 obisse
630 2129 788 2172 perhibet
811 2141 827 2161 e
850 2130 992 2162 vulnere

318 2179 394 2206 tum
413 2180 564 2217 accepto,
584 2186 692 2218 quum
710 2174 903 2217 praefectus
921 2175 992 2207 alae

320 2219 476 2262 equitum
509 2220 642 2252 fortiter
675 2219 863 2259 dimicaret,
898 2220 991 2264 quod

319 2264 457 2298 ridetur
482 2276 573 2297 anno
599 2265 714 2298 nescio
740 2277 808 2308 quo
834 2265 991 2310 Olympi-

320 2310 392 2343 adis
414 2311 489 2343 108.
508 2311 673 2343 evenisse.
690 2323 721 2343 v.
739 2311 871 2344 Fabric.
890 2311 929 2344 B.
947 2311 989 2343 G.

320 2357 387 2389 vol.
407 2368 439 2397 4.
462 2368 494 2399 p.
514 2355 568 2399 56.
590 2366 645 2400 57.
674 2357 733 2401 qui
756 2356 904 2400 Empedi
927 2357 990 2389 fili-

320 2414 379 2435 um
404 2402 562 2445 appellat.
616 2402 682 2435 Sed
706 2402 848 2435 meliora
868 2409 900 2434 et
921 2403 990 2445 ple-

319 2448 417 2481 niora
433 2459 465 2481 v.
485 2447 577 2491 apud
598 2448 848 2481 Ruhnkenium
866 2448 901 2480 in
918 2448 989 2481 his-

319 2494 406 2527 toria
434 2494 550 2526 critica
579 2499 753 2527 oratorum
779 2493 991 2527 Graecorum

320 2552 354 2583 p.
376 2540 431 2583 58.

275 2585 504 2624 Callistratus,
536 2585 626 2618 filius
662 2584 859 2622 Eubulidis.
889 2585 993 2618 frater

321 2631 473 2675 Philagri
499 2637 532 2664 et
558 2631 784 2664 Euctemonis
814 2630 911 2670 1061,
935 2630 989 2664 26.

324 2677 423 2720 1063,
443 2677 493 2710 16.
518 2677 616 2721 1065,
636 2689 667 2721 9.

276 2722 504 2761 Callistratus,
529 2723 721 2756 foenerator
744 2734 804 2756 seu
827 2723 990 2766 trapezita

320 2769 399 2812 948,
418 2777 469 2812 17.

275 2813 448 2853 Cammes,
489 2814 778 2858 Mytilenaeorum
820 2820 988 2858 tyrannus

325 2870 423 2903 1019,
447 2871 497 2903 19.

276 2904 343 2937 Car
373 2917 431 2938 seu
463 2906 581 2939 Cariae
612 2906 773 2939 dominus
802 2918 834 2950 p.
858 2906 911 2949 63,
937 2914 986 2949 17.

746 103 931 138 INDEX
966 103 1303 140 HISTORICUS

1101 205 1394 234 commemoratus
1415 206 1466 234 est
1486 200 1633 235 Idrieus.

1056 245 1182 279 Cardia
1206 245 1389 280 fraudabat
1414 246 1643 281 Charidemus
1664 247 1773 281 Athe-

1100 292 1237 326 nienses
1263 291 1343 331 681,
1362 291 1395 325 6.
1427 292 1513 326 situs
1538 293 1611 337 ejus
1637 305 1772 327 accom-

1100 337 1263 371 modatus
1305 337 1348 371 ad
1389 338 1625 372 infestandum
1665 345 1773 373 totam

1103 383 1388 417 Cherrhonesum
1409 384 1672 418 excursionibus
1690 385 1772 419 ibid.

1106 430 1157 463 18.

1055 475 1219 509 Cardiani
1252 487 1293 509 ex
1322 481 1423 520 pacto
1452 476 1542 510 inter
1571 476 1773 521 Philippum

1100 527 1132 555 et
1153 521 1384 555 Athenienses
1408 523 1511 566 paulo
1534 528 1614 566 post
1638 528 1772 566 captam

1102 568 1299 612 Olynthum
1329 568 1415 601 inito
1444 580 1463 601 a
1491 569 1633 613 reliquis
1664 568 1773 602 Cher-

1099 614 1240 647 rhonesi
1257 614 1377 647 incolis
1396 620 1478 647 sunt
1496 614 1643 658 separati
1660 620 1692 647 et
1709 625 1773 658 pro

1100 659 1216 693 liberis
1249 665 1351 704 atque
1377 659 1611 704 jurisdictioni
1638 660 1774 694 Atticae

1099 706 1242 739 exemtis
1267 705 1428 739 declarati
1445 705 1500 750 63,
1523 705 1574 739 16.
1610 705 1772 739 Cardiani

1100 752 1229 785 scilicet
1260 762 1359 785 suam
1389 763 1464 785 esse
1496 752 1632 796 ajebant
1660 752 1771 797 regio-

1099 809 1179 831 nem
1221 798 1398 842 quandam
1440 798 1687 838 Cherrhonesi,
1728 798 1772 832 ab

1098 843 1366 877 Atheniensium
1419 844 1554 877 colonia
1603 844 1771 878 insessam

1099 901 1160 933 per
1199 890 1308 930 nefas,
1341 902 1360 923 a
1394 889 1559 933 Diopithe
1599 890 1680 924 illuc
1714 889 1772 924 de-

1099 935 1204 969 ducta
1230 936 1285 979 87,
1312 935 1344 969 6.
1378 935 1503 969 harum
1532 936 1645 969 litium
1673 936 1772 980 origo

1098 987 1131 1015 et
1171 981 1315 1015 historia
1360 982 1462 1015 latius
1509 982 1694 1026 exponitur
1736 982 1771 1015 in

1098 1033 1304 1071 argumento
1337 1028 1499 1061 orationis
1533 1039 1637 1071 super
1663 1028 1771 1061 Cher-

1098 1073 1238 1106 lhonesi
1255 1073 1359 1107 rebus
1378 1074 1434 1113 88,
1452 1074 1508 1117 89.
1536 1073 1743 1125 Philippus
1735 1085 1771 1107 in

1101 1118 1142 1152 Ill
1145 1119 1239 1163 ylico
1265 1119 1396 1153 bellum
1425 1131 1548 1171 gerens
1575 1120 1681 1163 copiis
1710 1119 1770 1153 ad-

1099 1177 1220 1198 versus
1246 1165 1408 1199 Cardiam
1431 1165 1546 1198 missis
1569 1177 1645 1199 eam
1668 1177 1771 1199 occu-

1099 1217 1157 1255 pat
1194 1222 1269 1253 104,
1290 1222 1322 1255 3.
1364 1220 1437 1255 105,
1460 1210 1511 1244 16.
1550 1222 1625 1251 120,
1644 1211 1676 1244 6.
1710 1211 1771 1245 ubi

1100 1258 1287 1290 maximam
1330 1234 1453 1290 urbe³m
1503 1238 1772 1291 Cherrhonesia-

1100 1314 1218 1336 carum
1242 1304 1401 1346 appellat.
1435 1302 1597 1336 Cardiani
1616 1304 1689 1347 jam
1711 1315 1772 1336 an-

1100 1355 1132 1382 te
1151 1360 1270 1392 pacem
1292 1349 1388 1382 litem
1412 1360 1511 1382 suam
1530 1349 1689 1393 Philippo
1714 1349 1772 1382 de-

1099 1395 1250 1428 tulerant
1293 1394 1553 1439 disceptandam
1602 1395 1678 1434 161,
1716 1406 1771 1428 20.

1100 1440 1373 1474 Atheniensibus
1421 1441 1612 1474 admodum
1658 1441 1773 1474 infesti

1100 1493 1196 1520 erant
1222 1486 1300 1532 677,
1319 1499 1352 1531 3.

1056 1532 1358 1577 Carthaginienses
1376 1533 1457 1566 olim
1476 1533 1658 1577 vectigales
1677 1538 1774 1566 erant

1102 1579 1330 1623 Syracusanis
1349 1579 1428 1621 506,
1447 1580 1499 1612 18.

1056 1624 1254 1669 Carystium
1288 1625 1474 1670 quendam,
1506 1625 1771 1658 Atheniensium

1101 1681 1306 1714 proxenum,
1325 1671 1415 1704 bello
1433 1678 1571 1714 captum
1592 1671 1772 1714 Philippus

1101 1717 1256 1759 peremit,
1283 1717 1411 1750 frustra
1436 1716 1701 1760 deprecantibus
1722 1716 1771 1750 A-

1101 1762 1340 1795 theniensibus
1374 1774 1433 1806 per
1463 1763 1595 1806 legatos
1628 1767 1680 1795 ter
1708 1762 1772 1795 hac

1102 1807 1144 1840 de
1166 1820 1202 1841 re
1225 1808 1349 1841 missos
1373 1808 1429 1848 86,
1447 1817 1480 1852 5.

1057 1852 1234 1898 Cassopia,
1253 1854 1347 1897 regio
1366 1834 1458 1895 84,,2
1441 1866 1495 1887 ..2.

1057 1899 1181 1933 Castor
1210 1908 1243 1933 et
1272 1900 1395 1933 Pollux
1426 1899 1638 1933 fortitudinis
1671 1899 1773 1933 laude

1102 1946 1338 1979 inclaruerunt
1360 1957 1459 1987 1410,
1478 1957 1530 1990 19.

1056 1992 1200 2036 Κεβρὴν,
1225 1994 1312 2035 ῆνος,
1338 1992 1506 2036 oppidum
1531 1991 1625 2025 haud
1651 1992 1772 2035 plocul

1136 2049 1167 2071 10
1185 2037 1205 2071 6
1235 2049 1263 2077 1,

1057 2037 1444 2128 00011ζο118ἵο119011>1111118
1478 2083 1578 2116 heros
1611 2083 1771 2127 Cecropi-

1103 2128 1237 2168 darum,
1256 2129 1367 2163 tribus
1385 2129 1649 2162 Atheniensium
1672 2129 1772 2173 1398,

1105 2185 1159 2208 21.
1185 2175 1246 2208 ubi
1271 2175 1415 2208 docetur
1439 2187 1501 2208 cur
1525 2175 1646 2219 διφυὴς
1668 2175 1772 2208 fuerit

1102 2221 1305 2263 appellatus.

1057 2265 1278 2309 Cephallenia
1311 2266 1475 2309 884,13.
1517 2265 1611 2299 111160
1643 2266 1772 2309 gentile

1103 2312 1299 2355 Κεφαλλὴν,
1318 2313 1393 2354 ἢνος
1411 2311 1528 2350 886,2
1535 2312 1640 2351 .888,
1659 2320 1710 2355 15.

1057 2356 1129 2400 Cep
1131 2357 1210 2389 halo
1230 2357 1457 2400 Aphidnaeus
1479 2366 1579 2401 1107,
1597 2358 1629 2390 8.

1057 2402 1244 2446 Cephalus,
1286 2404 1398 2436 clarus
1441 2408 1555 2436 orat01
1596 2414 1675 2447 301,
1717 2414 1769 2448 19.

1102 2460 1281 2493 nunquam
1305 2449 1369 2483 fuit
1393 2454 1575 2482 accusatus
1598 2460 1667 2493 310
1689 2461 1768 2493 pen.

1102 2505 1180 2537 311,
1200 2494 1231 2527 6.

1057 2539 1279 2583 [ephisiades
1299 2540 1466 2585 Scyritus,
1485 2541 1541 2574 cui
1556 2540 1649 2585 Lyco
1666 2552 1769 2584 pecu-

1102 2586 1193 2619 niam
1241 2598 1339 2620 suam
1381 2586 1584 2620 tradendam
1628 2586 1770 2620 mandat

1103 2631 1241 2665 Pasioni
1267 2632 1366 2676 1236,
1388 2643 1443 2666 21.

1056 2677 1326 2720 Cephisodorus,
1378 2678 1520 2711 Archon
1573 2689 1769 2722 eponymus

1102 2723 1175 2762 (Ol.
1198 2735 1273 2767 103,
1297 2726 1360 2768 3.),
1390 2724 1479 2757 inter
1508 2723 1708 2768 Polyzelum
1737 2729 1770 2756 et

1100 2769 1332 2802 Timocratem
1365 2769 1512 2809 medius,
1539 2780 1608 2814 quo
1638 2769 1769 2802 honore

1101 2814 1268 2858 fungente
1299 2815 1551 2848 Demosthenes
1578 2814 1768 2858 Aphobum

1101 2862 1188 2893 male
1206 2867 1320 2905 gestae
1338 2862 1463 2894 tutelae
1483 2872 1580 2894 reum
1601 2860 1669 2904 egit
1687 2860 1766 2899 868,

1102 2917 1156 2939 21.
