1935 3200
255 135 365 174 1310
608 132 929 172 ADVERSUS
962 131 1393 172 NICOSTRATUM

311 248 430 292 1253,
461 252 498 292 9.
530 240 812 288 ἐναπετίμησεν
834 236 954 290 αὐτῷ]
988 236 1163 290 Ρὶφῑονὶ
1192 236 1339 289 accepit
1359 236 1495 276 vel‘in
1521 235 1759 275 aestimatio—

249 309 338 335 nem
367 294 528 347 accep-it,
555 293 632 333 1100
660 298 734 341 est,
760 307 915 333 servum
939 306 1018 344 pro
1042 291 1238 345 pecuniae
1262 296 1382 345 parte
1412 291 1531 331 dedit.
1567 290 1758 331 WOLF.

252 351 376 391 Prius
396 350 544 390 falsum
561 366 569 390 :
602 349 808 403 posterius
825 363 979 388 verum.
1041 348 1128 387 Nec
1150 352 1292 387 tamen
1312 362 1387 400 pro
1408 347 1604 401 pecuniae
1625 351 1757 400 parte,

251 408 323 447 sed
354 421 429 460 pro
459 410 553 446 tota
582 405 770 459 pecunia.
834 405 998 445 Scilicet
1016 403 1197 443 Wolfius
1227 418 1310 443 non
1341 403 1638 457 interpungens
1667 417 1760 443 cum

251 462 400 503 ceteris
421 467 518 515 post
539 463 705 514 ἀρχαῖον
722 461 863 515 junxit
886 461 990 501 ἅπαν
1011 459 1369 500 antecedentibus.
1411 459 1663 500 SOHAEF.

313 532 432 572 1253,
451 529 514 571 15.
547 517 569 568 ἢ
595 518 705 568 θέρος
729 521 932 567 μισθοῖντο
960 516 1170 569 ἐκθερίσαι]
1204 516 1321 556 Idem
1342 519 1406 555 est
1434 531 1482 556 ac
1505 515 1538 555 si
1559 515 1757 555 dixisset:

250 574 273 624 ἢ
296 577 329 614 εἰ
349 577 550 624 μισθοῖντο
580 574 621 613 τὸ
651 575 845 625 ἐκθερίσαι
873 573 984 623 θέρος
1008 589 1055 612 τι,
1103 578 1174 611 caut
1202 572 1237 611 .ςὶ
1268 572 1422 611 veniam
1452 571 1653 611 metendae
1683 571 1760 611 ali-

251 630 361 682 oijus
380 631 512 684 segyetz's
532 637 640 670 certa
661 636 781 683 pacm
803 629 973 669 mercede
993 628 1253 668 redemissent.
1316 628 1517 667 Solebant
1545 641 1691 681 nempe
1717 626 1759 666 hi

251 686 396 726 rustici
418 686 523 726 servi
544 701 569 726 a
589 686 811 725 fundorum
832 684 1009 725 dominis
1040 689 1162 724 notas
1187 688 1348 737 segetes
1375 688 1450 723 aut
1476 684 1636 723 fructus
1662 683 1758 722 hor-

252 747 403 791 torum,
422 742 635 782 vinearum
662 742 956 782 olivetorumve
984 745 1100 781 certa
1130 740 1318 779 mercede
1348 739 1550 779 redimere
1578 754 1627 779 ea
1657 739 1760 793 lege,

251 804 299 839 ut
322 799 482 838 fructus
510 798 685 839 demessi
716 798 899 851 ipsorum
927 802 1065 838 essent
1096 796 1276 850 ipsisque
1306 795 1449 836 liceret
1480 810 1555 850 pro
1586 795 1759 836 arbitrio

252 870 326 895 suo
348 855 537 895 vendere.
580 855 776 894 REISK.
1159 854 1161 858 ’

315 923 432 964 1253,
451 913 514 951 16.
538 909 778 964 ἀναιροῖντο]
811 912 898 949 Aut
918 909 1037 949 aliud
1054 908 1220 962 aliquod
1237 922 1397 960 operum
1425 907 1660 948 rusticorum
1679 921 1759 947 sus-

251 968 436 1022 ciperem,
459 967 742 1020 oeqjusflmtus
762 967 807 1005 in
827 966 933 1019 ipsos
955 965 1205 1005 redundaret.
1251 964 1501 1004 SOHAEF.

316 1034 432 1077 1253,
458 1025 521 1063 26.
555 1024 638 1073 ἐμοὶ
669 1023 786 1075 αὐτῷ]
826 1022 923 1075 αὐτῷ
953 1023 1034 1071 ἐμοὶ
1062 1036 1093 1060 r.
1148 1020 1343 1060 Vicissim
1372 1035 1412 1073 p.
1432 1021 1553 1069 1246,
1574 1033 1616 1072 5.
1649 1019 1759 1059 idem

251 1079 354 1119 liber
375 1080 449 1119 (lat
471 1080 546 1130 ἐγὼ
569 1080 693 1120 αὐτός.
742 1078 901 1118 Eadem
923 1077 1077 1117 ordinis
1099 1078 1318 1117 verborum
1340 1075 1557 1116 diversitas
1578 1090 1618 1129 p.
1643 1085 1758 1128 1207,

260 1137 319 1175 16.
343 1140 385 1175 et
406 1145 523 1189 1245,
543 1148 606 1174 12.
649 1134 897 1175 SGHAEF.

312 1204 432 1244 1254,
454 1204 492 1230 2.
517 1193 657 1241 εἰσεί]
694 1191 760 1230 Sic
782 1190 960 1230 iteratur
982 1192 1015 1230 εἰ
1035 1204 1074 1243 p.
1094 1189 1212 1236 1261,
1231 1189 1296 1228 26.
1342 1188 1396 1227 V.
1420 1191 1507 1227 not.
1529 1187 1584 1227 ad
1605 1203 1644 1241 p.
1665 1197 1757 1242 791,

252 1261 292 1297 4.
325 1247 575 1287 ΞΟΗΑΕΡ.

310 1317 325 1342 1
337 1315 428 1357 254,
440 1316 475 1352 7.
497 1304 583 1343 οὔτε
602 1307 727 1344 καλῶς
745 1302 867 1355 ἔχειν]
887 1300 1071 1341 Subaudi
1088 1315 1113 1340 a
1129 1300 1334 1340 communi
1352 1300 1535 1350 ἡγούμην.
1562 1298 1759 1338 REISK.

308 1370 429 1413 1254,
456 1373 516 1399 10.
544 1359 783 1410 γράφεσθαι]
819 1357 968 1398 Litoris
997 1371 1023 1396 α
1053 1355 1182 1395 scriba
1208 1355 1366 1407 publico
1397 1355 1621 1409 consifflzari
1652 1361 1687 1394 et
1717 1354 1761 1394 in

252 1422 342 1456 αεία-
355 1415 521 1469 publica
543 1415 687 1468 rqfhrm‘
705 1428 846 1454 cw‘are
867 1413 1012 1453 (lebera.
1055 1412 1249 1452 REISK;

313 1486 329 1511 Ι
341 1482 432 1525 254,
448 1485 509 1513 12.
528 1472 800 1522 ἐψηφίσασθε]
827 1471 1061 1522 ψηφίσησθε
1078 1468 1168 1522 lego
1185 1482 1260 1521 pro
1279 1467 1547 1518 ἐψηφίσασθε.
1568 1465 1758 1506 WOLF.

253 1528 470 1568 Reiskius:
505 1528 793 1579 ιςψηφίσαισθε
823 1525 981 1566 mavult
1002 1524 1218 1564 'Wolfiusf'
1266 1523 1453 1577 Vulgata
1482 1523 1587 1562 bene
1618 1522 1760 1562 habet.

253 1584 414 1638 Quippe
436 1584 570 1623 soluto
591 1582 912 1623 constructionis
930 1581 1090 1621 vinculo
1111 1581 1189 1620 hoc
1211 1579 1385 1619 dicitur:
1421 1580 1677 1631 ἐψηφίσασθε
1699 1578 1759 1627 ἂν,

254 1642 287 1680 εἰ
307 1641 511 1690 ἠκούσατε.
553 1639 803 1679 ΞΟΗΛΕΡ.

316 1709 433 1749 1254,
457 1706 516 1749 15.
537 1698 569 1735 εἰ
586 1698 627 1735 δὲ
644 1696 822 1747 δημοσίᾳ]
851 1693 1036 1733 Subaudi
1060 1693 1354 1740 ἐβασανίζοντο.
1402 1690 1487 1730 Ν60
1504 1690 1640 1730 minus
1656 1691 1761 1730 bene

254 1752 428 1792 haberet
450 1753 613 1805 δημοσίᾳ
635 1753 687 1797 δὲ,
712 1751 869 1790 scilicet
890 1749 1223 1799 βασανιζομένων.
1266 1747 1513 1787 SOHAEF.

316 1818 433 1862 1254,
454 1808 515 1847 18.
538 1809 790 1858 παραδοῦναι]
826 1805 1081 1856 τάνδράποδα.
1125 1804 1376 1844 SCHAEF.

316 1875 434 1917 1254,
460 1877 525 1916 23.
552 1863 687 1905 αὐτοὺς
710 1864 900 1913 ἐπιδείξω]
937 1863 1052 1902 ὄντας
1075 1861 1365 1912 ἀναισχύντους.
1411 1858 1663 1899 SCHAEF.

317 1933 437 1972 1254,
465 1921 527 1959 28.
550 1924 625 1959 τῶν
645 1917 858 1972 ὑμετέρων]
898 1916 1110 1970 Mancipia
1139 1916 1247 1956 enim
1270 1915 1486 1955 Arethusii
1519 1919 1640 1955 erant
1668 1929 1761 1955 con-

255 1976 414 2016 fiscata.
478 1976 560 2016 Sed
577 1975 739 2028 jndices
759 1974 899 2028 populi
922 1987 1141 2026 personam
1162 1973 1377 2026 gerebant.
1420 1971 1612 2011 REISK.

320 2043 436 2086 1255,
460 2046 490 2071 1.
514 2032 555 2073 ’ὸς
576 2032 623 2071 ἂν
636 2033 707 2082 -]
744 2031 796 2070 V.
823 2031 869 2070 L.
896 2029 1008 2068 Bosii
1033 2029 1175 2083 Ellips.
1202 2044 1239 2082 p.
1262 2030 1358 2081 364.
1403 2028 1660 2067 SCHAEF.

318 2100 435 2142 1255,
460 2101 517 2129 12.
537 2090 584 2127 τὰ
605 2088 749 2127 τούτων
766 2087 909 2138 αὐτῶν]
935 2086 1002 2125 Ea
1024 2084 1134 2132 bona,
1155 2098 1254 2138 quom
1273 2084 1453 2136 'ipsormn
1466 2083 1641 2137 propria
1660 2084 1762 2134 (non

255 2144 493 2195 Arethusii)
517 2150 655 2183 essent.
702 2143 913 2182 Videntur
934 2156 983 2180 ex
1005 2141 1083 2180 1100
1104 2141 1192 2180 loco
1214 2141 1366 2180 fratres
1389 2138 1619 2187 Arethusii,
1641 2139 1762 2178 Nico-

256 2206 415 2241 stratus
451 2204 493 2239 et
526 2199 676 2246 Dinon,
713 2197 905 2238 advocati
942 2196 1159 2236 Arethusii
1193 2196 1342 2235 fuisse:
1381 2200 1528 2235 contra
1558 2208 1660 2247 quos
1695 2193 1761 2234 1110

256 2256 538 2311 Apollodorus
559 2261 732 2308 pugnat.
774 2253 968 2292 REISK.

315 2322 434 2365 1255,
458 2325 518 2361 14.
548 2315 623 2349 τῶν
653 2307 1179 2359 ἀμφισβητησόντων-περὶ
1209 2310 1285 2346 τῶν
1310 2306 1518 2357 ὑμετέρων]
1555 2305 1617 2344 Ne
1648 2304 1760 2344 dicas

255 2370 333 2409 1100
363 2368 540 2421 plenum,
563 2380 664 2405 neve
689 2364 872 2418 elliptica
894 2377 999 2417 quae
1030 2377 1155 2416 snpra
1185 2362 1379 2416 leguntur
1400 2377 1438 2416 p.
1460 2373 1580 2415 1254,
1607 2373 1671 2414 23.
1696 2361 1759 2401 28.

256 2441 295 2479 p.
316 2433 436 2478 1255,
459 2423 495 2463 8.
539 2420 788 2463 SCHAEF.
