1935 3200
327 121 438 161 1254
668 122 989 163 ADVERSUS
1024 122 1402 163 STEPHANUM
1436 123 1494 163 ΙΙ.

390 230 553 281 11363
560 260 566 266 .
591 229 827 280 ἀνεπίδικον]
855 229 993 283 Vulgo
1016 230 1196 269 ἐπίδικον.
1239 228 1409 269 Correxi
1433 230 1665 277 ἀνεπίδικον,
1690 230 1731 269 in
1753 244 1834 286 quo

327 283 513 324 Petitum
537 284 636 338 Leg
656 284 748 324 Att.
772 300 812 338 p.
830 297 926 338 540.
949 290 992 325 et
1016 285 1217 324 Wolfium
1238 285 1372 325 habeo
1393 285 1491 324 mihi
1513 286 1829 326 consentientes.

323 340 437 403 nefas
453 347 527 380 esto
546 340 825 380 haereditatem
846 348 1132 381 controversam
1153 342 1277 380 teneri
1296 340 1345 381 ab
1361 356 1410 389 eo,
1428 342 1493 381 ειιί
1512 342 1699 382 sententia
1712 357 1834 394 prae-

323 402 383 435 tor
385 396 419 435 is
445 410 531 435 οαυι
551 410 628 436 ozon
653 397 958 449 adjudicaverit,
981 404 1052 437 azot
1078 398 1149 449 qm·
1167 411 1286 451 semer
1305 412 1351 437 ea
1366 412 1461 450 ιγιινο
1486 412 1562 437 nom
1582 398 1833 439 contenderit.

324 451 519 491 REISK.
581 452 746 493 Scilicet
774 453 937 501 nemini,
960 453 1039 493 nisi
1061 453 1140 516 qui·
1158 467 1256 492 suus
1283 453 1403 493 heres
1430 458 1551 501 esset,
1574 454 1614 493 h.
1637 468 1670 494 e.
1693 454 1833 494 liberis

322 522 370 547 ac
404 508 624 563 nepotibus
657 509 930 558 naturalibus,
962 514 1037 550 aut
1073 508 1143 562 qui
1178 509 1287 549 inter
1321 509 1433 549 vivos
1466 510 1658 562 adoptati
1694 515 1834 551 essent

323 563 408 603 sinc
445 566 662 618 ἐπιδικασία
695 565 971 606 hereditatem
1007 580 1154 619 capere
1187 565 1368 605 licebat:
1401 580 1439 605 v.
1473 565 1747 607 Schoemann.
1778 567 1833 607 ad

326 620 490 659 Isaeum
512 636 550 674 p.
572 623 667 672 446.

380 678 502 729 1136,
528 679 590 716 16.
614 677 829 731 NOMOE]
854 678 1045 731 Apparet
1073 693 1123 717 ex
1150 677 1226 717 hac
1251 677 1412 718 Solonis
1439 677 1528 731 lege
1549 681 1715 731 patrem
1735 677 1828 718 filiis

318 732 512 772 heredem
541 732 765 773 substituere
798 734 995 787 potuisse,
1029 734 1062 773 si
1094 738 1321 787 antequam
1350 734 1405 773 ad
1439 734 1705 786 pubertatem
1739 749 1831 788 per-

318 788 538 837 venissent,
561 790 714 829 mortui
734 789 888 830 fuerint
907 806 914 829 :
948 790 1063 843 cujus
1084 789 1142 829 rei
1164 790 1273 830 ratio
1301 804 1389 829 esse
1411 790 1575 829 videtur
1596 791 1707 843 quod
1732 795 1831 831 ante

317 844 473 884 virilem
500 850 684 886 aetatem
712 846 811 899 ipsis
839 846 931 885 filiis
960 846 1010 886 de
1038 846 1155 886 bonis
1183 846 1331 886 testari
1360 860 1442 885 non
1471 846 1593 886 licet:
1628 846 1830 899 ejusmodi

318 906 459 940 autem
488 902 828 942 substitutionem
854 917 934 942 non
963 902 1097 942 valere
1126 902 1167 941 in
1196 917 1304 949 casu,
1336 916 1417 955 quo
1445 901 1575 949 liberi,
1605 907 1831 956 antequam

319 956 360 995 111
392 972 511 997 suam
541 958 719 998 tutelam
749 958 947 1005 venerint,
971 973 1052 997 non
1083 958 1237 998 fuerint
1266 958 1432 1005 mortui,
1458 958 1723 1011 perspicuum
1753 962 1829 999 est.

321 1013 516 1053 Ceterum
537 1014 642 1053 conf.
666 1014 846 1054 Bunscn.
869 1015 919 1054 de
936 1015 1029 1068 jure
1051 1014 1192 1054 hored.
1216 1030 1256 1068 p.
1282 1016 1348 1054 60.
1381 1015 1591 1053 BEELS.

382 1072 501 1123 1136,
526 1081 589 1123 25.
614 1071 1072 1123 κλέπτων-μαρτυρίας]
1100 1071 1155 1109 V.
1179 1086 1217 1123 p.
1242 1084 1358 1125 1119,
1381 1082 1419 1123 5.
1454 1070 1702 1110 SCHAEF.

376 1128 497 1179 1136,
522 1138 585 1177 27.
620 1126 917 1178 συνιστάμενος]
960 1127 1008 1165 Ι(1
1036 1131 1100 1166 est
1131 1129 1316 1168 συνιστὰς
1345 1127 1418 1166 σὺν
1443 1127 1506 1165 σοὶ
1535 1127 1596 1166 καὶ
1627 1129 1827 1177 περιϊστὰς

319 1183 404 1232 περὶ
430 1184 476 1220 σὲ
502 1183 695 1221 σύστασιν
724 1183 783 1222 καὶ
812 1182 1067 1233 ἐργαστήριον
1093 1186 1350 1232 συκοφαντῶν
1378 1184 1438 1222 καὶ
1466 1187 1654 1233 πονηρῶν.
1698 1183 1831 1222 601161-

319 1237 425 1277 11ξ1113
447 1237 523 1277 tibi
552 1238 791 1278 sodalitium
820 1239 1164 1278 calumniatorum
1193 1244 1235 1278 et
1263 1238 1572 1287 sceleratorum,
1594 1238 1663 1291 qui
1693 1242 1831 1278 tecum

320 1298 445 1339 stent,
479 1298 521 1333 te
554 1294 823 1335 circumstent
854 1294 894 1333 in
925 1294 1102 1348 judiciis,
1135 1299 1177 1334 te
1213 1294 1465 1334 comitentur
1495 1298 1538 1334 et
1570 1299 1832 1335 assectentur

318 1354 447 1402 atque
468 1355 691 1404 protegant
711 1356 867 1404 tuaque
884 1352 1000 1404 jussa
1021 1355 1313 1404 exsequantur.
1351 1350 1545 1390 REISK.

381 1417 499 1459 1137,
530 1420 560 1445 1.
600 1407 816 1460 ΝΟΜΟΣ]
854 1407 940 1447 Lex
976 1407 1027 1446 de
1062 1406 1441 1460 conspirationibus
1477 1411 1519 1446 et
1555 1407 1826 1460 corruptelis:

318 1462 411 1502 illae
452 1462 740 1516 significantur
774 1464 898 1503 verbo
935 1464 1208 1510 συνίστασθαι,
1244 1463 1354 1516 quod
1394 1462 1583 1502 universe
1624 1462 1830 1516 significat

317 1518 554 1571 conspirare,
587 1533 804 1572 conjurare,
838 1519 1130 1571 conjuratormn
1156 1533 1308 1572 qrecyem
1338 1519 1577 1558 conducere·
1565 1550 1574 1564 ,
1611 1519 1721 1558 unde
1752 1519 1828 1558 hoc

317 1574 408 1614 loco
438 1575 699 1628 peculiariter
721 1576 1002 1625 συιιστάμενος
1029 1576 1091 1615 επὶ
1112 1580 1195 1617 ταῖς
1223 1576 1341 1616 δίκαις
1369 1575 1520 1615 dicitur
1540 1574 1609 1629 qui
1640 1575 1693 1614 ad
1719 1574 1828 1628 judi-

318 1645 384 1670 ces
421 1631 684 1684 decipiendos
720 1632 938 1680 (ἐξαπατῶν
973 1632 1059 1673 τοὺς
1094 1633 1293 1681 δικαστὰς)
1330 1630 1371 1669 111
1407 1630 1562 1671 caussis
1597 1631 1828 1671 forensibus

317 1687 491 1726 alimum
526 1687 777 1727 factionibus
813 1701 902 1727 sese
936 1687 1189 1740 adjunxerit,
1224 1687 1285 1726 vel
1326 1701 1419 1726 cum
1454 1687 1544 1727 aliis
1584 1686 1829 1727 societatem

316 1742 483 1789 inierit,
518 1742 560 1781 id
589 1743 700 1796 quod
731 1744 988 1796 Stephanum
1017 1757 1109 1783 cum
1137 1742 1222 1782 suis
1249 1742 1393 1782 fecisse
1422 1742 1637 1782 contendit
1659 1742 1828 1795 Apollo-

317 1799 455 1838 dorus.
518 1799 630 1838 Hinc
662 1799 862 1851 ejusmodi
893 1799 1093 1839 factiones
1128 1798 1324 1839 dicuntm
1356 1798 1578 1845 συστάσεις,
1611 1805 1827 1846 conventus,

317 1854 401 1894 sive
431 1855 612 1894 coitiones
642 1855 808 1895 illicitae
839 1855 880 1894 in
911 1855 1134 1908 perniciem
1164 1855 1301 1908 leoum
1332 1858 1375 1894 et
1405 1854 1610 1894 civitatis:
1646 1856 1825 1905 ἑταιρίας,

317 1912 514 1958 συνόδους,
537 1916 579 1951 et
603 1911 812 1953 συστάσεις
839 1911 959 1950 simili
989 1889 1288 1965 significatione
1314 1910 1531 1963 conjunxit
1554 1910 1795 1950 Isocrates
1784 1925 1827 1950 m

317 1966 486 2006 Nicocle
517 1982 555 2020 p.
579 1978 644 2019 72
673 1967 771 2007 edit.
799 1967 928 2008 Wolf
991 1967 1127 2007 Erant
1158 1972 1299 2007 uitem
1330 1966 1468 2006 variae
1498 1966 1661 2005 illorum
1692 1966 1827 2005 crimi-

314 2037 414 2061 num
435 2023 602 2069 formae,
626 2023 821 2063 distincte
842 2023 883 2062 in
907 2023 998 2077 lege
1020 2028 1191 2063 notatae
1211 2040 1218 2062 :
1252 2023 1429 2076 primum
1451 2024 1649 2071 σύστασις,
1671 2022 1723 2062 (16
1745 2036 1827 2075 qua

315 2078 436 2117 modo
470 2079 655 2123 vidimus,
688 2083 730 2118 et
761 2080 951 2129 δεκασμὸς
981 2093 1051 2118 3611
1086 2079 1319 2132 corruptela,
1353 2078 1436 2117 sive
1462 2077 1711 2131 judiciorum
1742 2078 1825 2118 sive

315 2139 496 2180 senatus,
514 2135 567 2173 ad
584 2134 744 2187 judices
765 2140 1030 2175 senatoresve
1050 2135 1288 2174 muneribus
1309 2134 1630 2186 corrumpendos
1652 2133 1827 2187 pecunia

315 2189 417 2229 data
447 2195 522 2229 aut
552 2194 734 2243 accepta,
767 2191 875 2229 unde
906 2190 1032 2230 dictio
1063 2191 1233 2237 δεκάζειν
1263 2193 1310 2230 τὰ
1341 2189 1563 2239 δικαστήρια
1593 2189 1705 2242 apud
1737 2189 1825 2229 Iso-

314 2250 474 2284 cratem
501 2246 592 2285 adv,
615 2245 911 2285 Callimachum
939 2261 977 2298 p.
1002 2257 1095 2299 730.
1155 2246 1332 2286 Munera
1360 2244 1649 2297 corrumpendi
1678 2258 1826 2286 caussa

315 2300 417 2340 data
445 2302 667 2351 δωροδοκίαι
695 2301 966 2341 dicebantur:
1001 2301 1152 2354 quique
1174 2315 1315 2340 eorum
1343 2314 1432 2340 sese
1460 2314 1552 2340 reos
1573 2301 1824 2353 praeberent

312 2358 519 2406 δωροδόκοι
555 2361 597 2395 et
630 2360 870 2407 δωροδοκεῖν.
933 2357 1125 2396 Alterum
1160 2356 1325 2404 crimen,
1363 2356 1451 2410 lege
1488 2360 1694 2403 notatum,
1730 2361 1824 2397 erat

316 2413 462 2461 ἑταιρία
489 2412 550 2451 επὶ
579 2414 788 2452 καταλύσει
815 2415 881 2450 τοῦ
909 2412 1038 2462 δημου,
1062 2412 1157 2460 31176,
1181 2417 1228 2452 ut
1253 2412 1364 2465 apud
1388 2412 1614 2451 Isocratem
1636 2413 1686 2451 de
1708 2412 1823 2466 Bigis

313 2482 350 2520 p.
376 2467 470 2507 680.
494 2472 678 2515 vocatur,
704 2469 850 2518 ἑταιρία
875 2469 935 2507 ἐπὶ
957 2484 1168 2530 νεωτεροις.
1175 2468 1388 2519 πράγμασι,
1410 2468 1571 2507 societas
1592 2467 1675 2507 sive
1688 2469 1823 2520 factio

313 2537 549 2575 paucorum,
582 2523 686 2563 inita
717 2522 884 2562 consilio
914 2523 1126 2563 exertendi
1159 2523 1318 2578 imperii
1346 2523 1574 2587 popularis,
1609 2528 1650 2563 et
1683 2538 1822 2563 rerum

313 2593 513 2618 novarum
549 2579 698 2618 studio.
762 2578 949 2632 Denique
990 2584 1164 2619 notatur
1203 2580 1372 2633 acceptio
1407 2579 1681 2632 pecuniarum,
1718 2594 1820 2633 quas

312 2643 480 2687 praeter
509 2635 736 2698 legitimam
766 2635 1007 2681 mercedem,
1041 2636 1091 2674 de
1123 2650 1204 2698 qua
1234 2635 1331 2675 alibi
1363 2635 1553 2682 diximus,
1583 2634 1624 2673 in
1650 2635 1819 2687 judiciis

312 2690 484 2742 publicis
505 2690 726 2743 piivatisve
748 2705 985 2730 caussarum
1014 2691 1180 2743 patroni
1209 2691 1381 2731 subinde
1402 2690 1672 2754 accipiebant,
1695 2705 1819 2744 quae-

313 2760 391 2798 que
419 2746 508 2797 leo-e
541 2746 786 2786 interdictae
818 2752 949 2786 elant.
1013 2747 1177 2786 Horum
1205 2747 1333 2817 igitur
1359 2746 1552 2794 omnium,
1580 2750 1623 2786 et
1650 2746 1682 2785 si
1712 2760 1818 2800 quae

312 2806 407 2841 sunt
430 2802 546 2854 plula
568 2802 690 2854 hujus
717 2802 891 2855 generis,
915 2802 1094 2842 dabatur
1115 2804 1259 2854 γραφη,
1282 2803 1364 2842 3116
1391 2802 1555 2856 publica
1575 2802 1686 2842 actio
1707 2802 1817 2856 apud

312 2856 649 2897 Thesmothetas.
711 2860 955 2909 Δωροδοκίας
981 2859 1190 2898 accusatio
1216 2858 1479 2912 peculiariter
1506 2857 1724 2898 dicebatur
1749 2858 1816 2897 δώ-

310 2929 387 2961 ρων
409 2913 550 2964 γραφή·
574 2913 653 2953 vid.
678 2913 812 2967 Harp.
834 2913 874 2952 in
895 2928 1003 2953 voce.
1066 2914 1316 2954 Gravissime
1340 2914 1381 2953 in
1403 2927 1494 2953 reos
1515 2913 1815 2953 animadverte-
