1935 3200
285 114 396 155 1406
754 114 977 154 ORATIO
1011 114 1323 154 FUNEBRIS.

285 218 425 259 Latini
446 219 608 259 artiwn.
642 219 833 258 REISK.
895 218 1176 258 Boissonadus
1197 218 1252 258 ad
1275 217 1427 258 Mai-in.
1449 232 1489 271 p.
1514 218 1626 257 128.:
1659 223 1683 240 “
1698 218 1793 259 Ore-

284 275 336 315 (10
367 277 499 325 λόγων
535 289 625 314 esse
660 274 967 317 eliminandum.
1000 279 1148 328 utpote
1182 274 1388 327 glossema
1417 273 1672 326 pronominis
1702 273 1793 314 ὧι’.”

285 331 372 370 Nec
399 330 645 370 Boissonadi
671 331 793 370 crisin
822 345 896 370 nec
919 330 1077 370 Reiskii
1106 329 1495 384 interpretationem
1521 330 1663 382 probo.
1726 329 1792 368 In-

284 386 497 440 telligendi
520 388 556 426 οἱ
583 387 778 438 ἐπιτάφιοι
798 388 924 438 λόγοι.
961 387 1218 426 SCHAEF.

346 442 463 496 1389,
490 455 552 494 23.
582 442 746 495 λοιπῶν]
775 444 907 494 λόγων
932 442 985 481 Y.
1010 457 1045 481 v.
1089 442 1212 490 Vere,
1238 446 1286 481 ut
1314 441 1473 494 opinor.
1513 441 1586 480 Ῐιαο
1613 441 1792 486 laudata.

271 499 398 550 finem
425 498 586 537 dicenda·
601 499 796 551 jacerem.
859 497 936 548 Qui
967 502 1109 550 posset
1137 499 1456 537 ἀπαλλάττεσθαι
1480 501 1556 537 τῶν
1577 501 1737 546 λοιπῶν,
1760 496 1793 536 si

285 554 396 593 nulla
418 553 555 593 forent
575 555 723 593 λοιπάῗ
755 553 1003 594 SCHAEF.

349 623 464 663 1390,
502 623 535 648 1.
588 611 649 649 καὶ
698 613 774 649 τῶν
793 634 840 639 --
863 609 941 649 κατ’
984 609 1124 663 ἄνδρα]
1178 609 1433 663 Sinyzhlosque
1482 609 1638 649 viritim
1686 622 1789 648 avos.

287 664 536 706 SOHAEF.

347 734 465 774 1390,
490 733 526 761 2.
547 721 616 770 τὴν
642 722 778 772 φύσιν]
808 721 960 769 Ονΐιιπι,
983 721 1130 761 rariori
1159 720 1472 774 significatione.
1535 720 1650 760 Infra
1669 735 1705 760 v.
1728 723 1791 760 16.

285 777 348 817 ἀπ’
372 778 484 826 αὐτῆς
505 780 568 826 τῆς
589 778 754 828 φύσεως,
777 778 912 816 statim
938 792 986 817 010
1012 784 1109 817 nata
1135 783 1236 816 sunt.
1297 776 1408 815 Add.
1431 791 1471 829 p.
1497 789 1613 830 1392,
1639 788 1703 816 22.
1728 777 1792 816 26.

286 833 343 873 H.
369 833 605 886 Stephanus
627 832 750 872 Thes.
772 847 804 872 s.
828 833 865 872 h.
889 848 925 872 v.
960 834 1218 873 SCHAPF.

347 903 469 941 1390,
491 901 556 941 25.
597 890 785 940 πρόγοιοι
822 890 883 929 καὶ
917 889 1152 942 πατέρες-]
1193 888 1381 941 πρόγονοι
1416 888 1622 942 Significat
1656 892 1794 928 totum

285 945 489 998 majorum
519 959 674 1007 genus:
710 959 815 997 quae
847 950 1077 998 sequuntur
1104 945 1271 985 nomina
1299 944 1632 997 complectuntur
1659 944 1793 984 varias

285 1002 406 1055 hujus
427 1000 590 1055 generis
611 1001 777 1040 formas.
811 1002 1014 1041 SCHAE
1024 1003 1068 1040 1⁴.

348 1070 466 1110 1391,
491 1058 528 1096 8.
562 1060 636 1095 τῶν
666 1056 909 1107 Ἡρακλέους
941 1056 1106 1111 παίδων]
1144 1057 1208 1096 Ea
1243 1057 1293 1096 de
1325 1070 1369 1096 re
1404 1060 1545 1096 exstat
1577 1056 1793 1110 Euripidis

285 1113 516 1167 tragoedia,
541 1113 804 1152 Heraclidae.
841 1113 1027 1152 WOLF.

347 1182 466 1222 1391,
496 1181 554 1221 13.
578 1169 665 1210 τοὺς
684 1167 810 1207 (Επτὰ
838 1169 899 1208 ἐπὶ
922 1168 1081 1222 Θήβας]
1108 1169 1149 1208 S.
1175 1169 1499 1218 στρατεύσαντας.
1540 1170 1591 1208 Οἱ
1614 1170 1710 1208 ἑπτὰ
1732 1169 1794 1209 ἐπὶ

287 1226 442 1275 Θήβαις
477 1224 630 1271 dativo,
667 1229 714 1264 ut
755 1224 1039 1278 subintelligas
1080 1226 1353 1271 ἀποθανόντες,
1390 1225 1500 1277 apud
1538 1225 1793 1277 Aeschylum

285 1280 525 1320 inscribitur
551 1280 780 1333 tragoedia.
839 1280 948 1319 Vide
968 1280 1151 1322 Ἱκέτιὸας
1178 1285 1220 1320 ct
1244 1279 1492 1320 Phoenissas
1515 1280 1725 1334 Euripidis
1751 1285 1794 1321 et

286 1337 527 1390 Antigonen
550 1336 780 1389 Sophoclis.
814 1336 1005 1376 WOLF.

347 1406 465 1461 1391,
496 1404 554 1463 17.
593 1409 680 1433 τους
716 1392 937 1446 ἐμμέτρους]
974 1393 1152 1443 ἕμμετροι
1187 1392 1339 1442 ποιηταὶ
1375 1396 1472 1432 sunt
1507 1410 1543 1432 οι
1579 1410 1622 1433 ευ
1655 1393 1792 1445 μέτρῳ,

286 1465 481 1489 τουπ-εστιν
517 1449 614 1496 ἕπει,
650 1448 887 1499 γράψαντες,
925 1448 993 1502 qui
1027 1448 1211 1488 6311111113
1245 1448 1430 1488 versibus
1460 1449 1600 1501 justae
1628 1450 1794 1518 magni-

285 1504 440 1545 tudinis
472 1504 759 1551 condiderunt.
792 1505 916 1544 161-110
947 1504 1065 1558 epici,
1093 1504 1161 1557 qui
1193 1510 1459 1558 opponuntur
1488 1509 1568 1547 τοῖς
1598 1509 1673 1544 τῶν
1704 1505 1792 1545 ἀδο-

284 1561 413 1611 μένων
438 1560 614 1612 (scilicet
634 1564 783 1611 μελῶι)
807 1565 991 1610 ποιηταῖς,
1014 1561 1090 1599 hoc
1113 1565 1188 1605 est.
1212 1560 1361 1613 lJricis.
1384 1561 1575 1600 REIsK.
1626 1563 1662 1601 οἱ
1684 1562 1794 1612 ἔμμε-

287 1633 368 1667 τροι
390 1633 542 1666 ποιηται
564 1616 690 1656 ctiam
711 1617 761 1655 de
783 1621 824 1656 ti
826 1616 953 1670 agicis
974 1616 1299 1667 intellioendum.
1335 1617 1583 1657 SOHAEF.

348 1686 361 1711 1
371 1685 466 1735 ³91,
495 1674 555 1711 18.
591 1675 655 1721 τῆς
685 1674 808 1712 αὐτῶν
837 1675 1034 1724 μουσικῆς]
1069 1648 1325 1712 Εἷηιιίίίῖόηιε
1357 1680 1391 1712 et
1422 1673 1657 1726 eloqzoenteae
1685 1687 1792 1722 suae,

287 1734 334 1768 ut
362 1728 488 1768 etiam
515 1728 569 1767 ad
595 1728 860 1779 συγγραφεας,
883 1728 924 1767 id
953 1734 1031 1777 est,
1058 1743 1195 1768 lerum
1223 1733 1439 1782 gestalum
1467 1729 1703 1782 scriptores,
1733 1744 1794 1769 16-

286 1785 456 1824 feratur.
501 1783 687 1823 WOLF.
750 1784 802 1823 V.
841 1785 1030 1825 Locellae
1066 1784 1392 1837 disputationem
1427 1786 1480 1825 ad
1517 1785 1790 1839 Xenophont.

288 1841 441 1894 Ephes.
463 1855 502 1893 p.
524 1853 600 1892 125
624 1854 711 1894 sqq.
776 1840 911 1879 Miror
936 1846 1077 1881 autem
1102 1840 1425 1895 XVesselingium
1453 1842 1505 1881 ob
1534 1842 1641 1881 hanc
1662 1841 1794 1895 ipsam

285 1897 456 1950 phrasin
492 1896 784 1949 suspicantem,
819 1901 1040 1943 oratorem„
1075 1911 1166 1936 cum
1202 1897 1302 1936 haec
1338 1897 1547 1945 scriberet,
1584 1902 1794 1950 spectasse

287 1953 413 1992 etiam
436 1952 645 1992 Herodoti
673 1953 807 1992 locum
831 1968 867 2007 9,
894 1966 957 2004 27.
1020 1954 1113 1992 Hoc
1142 1953 1250 1993 enim
1277 1958 1569 2006 argumentum
1594 1954 1646 1993 ab
1668 1953 1794 1994 histo-

287 2009 374 2048 rico
396 2014 483 2048 tam
511 2009 656 2048 leviter
680 2009 977 2063 perstringitur
997 2014 1044 2049 ut
1069 2014 1250 2063 nequeat
1272 2009 1351 2049 dici
1377 2012 1561 2051 ὑπόθεσις
1587 2012 1652 2059 τῆς
1680 2011 1794 2050 αὐτοῦ

287 2068 482 2114 μουσικῆς.
515 2065 764 2106 SCHAEF.

350 2134 468 2173 1391,
497 2134 562 2161 21.
601 2122 704 2160 οὔπω
738 2121 1068 2174 μεμυθολόγηται]
1112 2122 1400 2161 Vei-tendum:
1443 2121 1618 2161 nondam.
1652 2121 1795 2162 incluta

286 2183 375 2216 sant
404 2183 546 2216 ornam
573 2176 749 2227 mythico,
777 2177 949 2216 ‘nondam
979 2184 1186 2217 traxerunt
1217 2178 1375 2217 colorem
1405 2178 1629 2230 wzffllcicmn.
1677 2177 1732 2217 V.
1754 2193 1792 2231 p.

294 2234 411 2286 1398,
433 2244 472 2285 5.
536 2232 655 2282 Quod
685 2236 825 2272 autem
856 2233 1043 2285 sophista
1071 2233 1171 2272 dicit
1201 2234 1316 2280 οὔπω,
1350 2248 1515 2286 sperare
1543 2247 1586 2272 se
1613 2233 1674 2273 ait
1702 2248 1794 2286 pro-

286 2303 429 2342 gressu
463 2288 660 2340 temporis
693 2302 779 2327 rem
812 2289 1004 2327 confore:
1044 2303 1276 2342 quanquam
1311 2289 1429 2328 facile
1461 2289 1679 2342 suspiceris
1706 2290 1794 2342 jam

288 2344 415 2396 ipsius
437 2348 575 2383 aetate
597 2346 647 2396 τῷ
672 2345 848 2396 ἱστορικῷ
878 2343 979 2383 satis
1005 2344 1228 2383 admistum
1250 2359 1337 2384 esse
1360 2349 1426 2384 τοῦ
1447 2349 1618 2394 μυθικοῦ.
1679 2345 1794 2396 Quae

289 2415 382 2440 611111
404 2414 497 2453 spes
518 2414 600 2438 non
620 2399 775 2438 fefellit.
828 2399 896 2439 Ita
917 2414 1019 2452 quas
1040 2414 1114 2439 nos
1136 2400 1308 2440 vivendo
1333 2400 1551 2455 attigimus
1572 2401 1719 2440 smnmi
1740 2401 1794 2441 ad

290 2471 451 2496 onmem
480 2455 780 2495 humanitatem
808 2469 874 2494 res
901 2456 1097 2495 momenti
1120 2460 1215 2509 post
1242 2457 1394 2496 multas
1422 2471 1627 2497 annorum
1654 2463 1794 2498 centu-

290 2513 373 2553 rias
394 2511 743 2562 μυθολογήσονται.
777 2511 1032 2550 SOHAEF.

354 2582 471 2621 1391,
497 2581 560 2620 23.
590 2569 702 2617 μόνοι
729 2568 783 2608 δὶς
809 2567 1023 2621 ἠμύναντο]
1048 2568 1195 2621 Pugna
1226 2569 1496 2609 Marathonia
1520 2573 1563 2608 et
1582 2569 1794 2623 expeditio

292 2624 449 2665 Xerxis
470 2624 531 2664 vel
558 2623 696 2677 pueris
723 2627 847 2663 notae
875 2628 985 2662 sunt.
1022 2624 1213 2663 WOLF.
1272 2626 1385 2675 μόνοι
1409 2625 1570 2665 addidit
1594 2627 1794 2676 ῥητορικώ-

290 2698 402 2732 τερον
428 2679 450 2730 ἣ
474 2679 749 2729 ἀληθέστερον.
814 2679 929 2719 Ι(16111
950 2680 1192 2730 ἀλαζόνευμα
1212 2696 1252 2734 p.
1273 2694 1391 2735 1392,
1415 2684 1452 2721 6.
1486 2681 1733 2721 SCHAEF.

353 2749 471 2790 1392,
493 2749 531 2789 3.
560 2736 899 2788 τοσούτῳ-ὅσον]
927 2735 1016 2775 Aut
1043 2739 1387 2776 τοσοῦτον-ὅσον
1414 2736 1690 2783 scribendum,
1719 2741 1794 2776 aut

291 2793 614 2845 τοσούτῳ-ὅσῳ.
678 2791 772 2830 Ηοο
792 2791 1035 2844 praeferam.
1088 2791 1141 2831 V.
1165 2793 1219 2832 ad
1240 2807 1278 2845 p.
1303 2794 1396 2845 896,
1422 2806 1457 2832 2.
1492 2793 1749 2833 SCHAEF.

354 2861 470 2901 1392,
493 2849 531 2887 6.
560 2849 601 2887 ἐκ
630 2846 755 2897 πάσης
785 2849 850 2896 τῆς
879 2848 1052 2898 ἠπείρου]
1078 2848 1122 2886 Ε
1144 2855 1221 2888 tota
1243 2849 1361 2889 Asia.
1420 2850 1472 2889 V.
1496 2849 1711 2902 interpret.
1735 2849 1790 2889 ad

296 2904 489 2944 Isocratis
512 2903 753 2957 Panegyric.
775 2918 807 2943 c.
830 2905 896 2957 36.
918 2907 961 2943 et
981 2906 1048 2954 46.
1081 2903 1329 2946 SGHAEF.
