1935 3200
288 133 399 173 1048
676 132 1002 171 ADVERSUS
1036 131 1345 171 APHOBUM
1380 132 1416 171 I.

286 238 470 278 orandae
498 238 561 278 liti
590 238 887 292 praestitutam
915 242 1103 278 tutorum
1135 251 1258 277 suasu
1288 236 1606 290 Thrasylochus,
1640 236 1800 277 Midiae

284 294 427 343 frater,
452 294 724 335 Demostheni
752 295 807 334 ad
828 293 1118 334 trierarchiam
1146 292 1449 347 suscipiendam
1475 292 1680 332 bonorum
1708 307 1798 346 per-

284 351 562 391 mutationem
594 350 758 391 obtulit.
821 350 944 390 Hanc
977 350 1010 389 si
1042 349 1314 404 repudiasset,
1346 348 1593 389 trierarchia
1629 348 1797 402 suscipi-

239 449 243 453 ·
285 407 392 446 enda
419 407 576 455 fuisset,
601 422 683 460 qua
710 406 893 447 omnium
920 406 1183 460 liturgiarum
1214 404 1575 458 sumptuosissima
1599 404 1641 444 in
1663 409 1798 445 extre-

283 477 394 503 mam
422 464 509 516 ejus
538 477 604 502 res
633 462 860 503 domestica
889 462 1177 502 difficultatem
1204 462 1389 502 adducta
1417 465 1553 508 esset;
1588 466 1736 502 contra
1761 461 1796 502 si

283 519 512 572 accepisset
551 519 912 572 permutationem,
956 519 1075 558 simul
1111 533 1204 558 cum
1244 517 1364 558 bonis
1405 517 1488 557 suis
1524 517 1592 570 jus
1632 531 1798 571 quoque

283 575 480 629 pecunias
508 590 534 615 a
560 575 772 615 tutoribus
804 575 966 615 debitas
994 574 1208 629 repetendi
1240 589 1290 614 ac
1317 574 1366 613 lis
1396 573 1557 614 tutoria
1584 573 1638 614 ad
1667 574 1796 614 Thra-

283 632 495 683 sylochum
524 631 774 680 transiisset,
805 631 869 671 cui
896 632 984 685 jam
1012 646 1105 671 cum
1136 630 1214 670 illis
1242 631 1293 670 de
1325 629 1463 684 pretio
1491 644 1567 684 pro
1598 629 1670 670 lite
1701 644 1796 670 con-

282 687 476 727 donanda
515 688 772 728 numerando
814 692 1075 728 convenerat.
1146 687 1322 740 Quoquo
1362 686 1490 740 igitur
1530 700 1573 726 se
1613 690 1796 727 verteret

283 743 599 792 Demosthenes,
622 744 845 797 utrobique
872 744 914 783 in
942 758 1139 798 magnum
1166 743 1311 783 incidit
1339 742 1569 782 discrimen.
1606 743 1710 794 Ἒγὼ
1739 744 1794 793 δὲ,

281 799 429 852 inquit,
466 801 611 840 τούτων
645 801 759 840 οὐδὲν
800 801 1025 851 ἐνθυμηθεὶς
1065 799 1259 840 ἀντέδωκα
1293 801 1378 849 μὲν,
1417 798 1633 838 ἀπέκλεισα
1668 800 1710 838 δὲ
1746 800 1794 842 ὡς

283 857 524 898 διαδικασίας
563 858 790 906 τευξόμενος
809 865 842 895 Υὑ
924 856 1074 909 Itaque
1117 855 1424 909 Thrasylochus
1467 860 1595 908 atque
1638 854 1795 895 Midias

281 911 420 951 subito
452 911 493 950 in
529 912 616 964 ejus
651 912 818 951 domum
853 917 900 952 ut
935 912 1089 951 domini
1124 912 1253 951 futuri
1290 911 1542 964 irruperunt,
1580 910 1794 951 tutoribus

282 982 307 1008 a
338 967 492 1021 pupillo
524 967 681 1008 illatam
711 968 827 1008 litem
863 973 1159 1021 oppresserunt
1175 977 1205 1007 Ζ.
1266 969 1329 1007 At
1360 967 1664 1007 Demosthenes
1700 981 1794 1007 cum

282 1038 365 1063 non
393 1024 659 1077 impetrasset
691 1039 815 1077 quam
844 1024 1024 1077 petierat
1058 1026 1313 1071 διαδικασίαν,
1346 1023 1368 1063 i.
1399 1038 1432 1063 e.
1461 1024 1528 1077 jus
1560 1023 1601 1062 in
1631 1038 1794 1077 permu-

281 1079 445 1119 tatione
480 1081 533 1120 ab
569 1079 618 1119 iis
655 1094 760 1133 quae
795 1080 1028 1133 possideret
1068 1079 1296 1133 excipiendi
1334 1094 1382 1120 ea
1419 1094 1524 1133 quae
1559 1084 1720 1119 tutores
1756 1080 1793 1119 ei

280 1136 492 1183 deberent,
516 1140 642 1189 atque
663 1151 771 1175 nunc
793 1136 957 1176 demum
980 1136 1206 1190 periculum
1229 1141 1433 1189 quantum
1459 1135 1537 1175 sibi
1558 1135 1794 1177 immineret

281 1191 572 1245 perspexisset,
595 1192 809 1231 consilium
837 1193 1016 1233 mutavit
1038 1197 1080 1232 et
1105 1206 1155 1232 20
1177 1192 1309 1232 minas
1332 1192 1602 1232 trierarchiae
1629 1191 1793 1232 nomine

284 1247 442 1288 Midiae
468 1248 638 1301 ejusque
666 1248 786 1288 fratri
814 1249 989 1289 exsolvit
1004 1258 1034 1287 a·
1097 1249 1203 1288 Tum
1230 1249 1455 1302 Aphobum
1483 1248 1673 1302 persequi
1702 1263 1793 1301 per-

280 1303 343 1358 git
360 1320 370 1351 3
403 1304 468 1343 die
496 1309 659 1345 statuta
679 1304 855 1358 primam
883 1309 1030 1345 contra
1051 1319 1143 1345 eum
1165 1305 1396 1345 orationem
1418 1305 1460 1344 in
1483 1304 1639 1358 judicio
1661 1304 1760 1344 dicit
1778 1322 1789 1351 3

280 1360 505 1413 respondet
530 1360 746 1413 Aphobus,
772 1366 909 1415 negat,
933 1361 1223 1409 calumniatur,
1246 1362 1318 1401 sed
1342 1362 1477 1401 altera
1499 1360 1794 1400 Demosthenis

281 1416 469 1456 oratione
496 1418 735 1457 confutatus
763 1422 806 1457 et
830 1417 936 1457 male
960 1421 1104 1471 gestae
1129 1417 1284 1457 tutelae
1314 1417 1526 1457 convictus
1553 1431 1602 1457 το
1623 1416 1793 1457 talentis

282 1473 583 1512 condemnatur
595 1473 624 1521 b,
653 1474 809 1513 frustra
841 1473 1124 1513 intercedente
1155 1474 1307 1513 sororis
1338 1474 1488 1513 marito
1517 1473 1700 1513 Onetore
1727 1477 1792 1513 at-

281 1542 360 1581 que
395 1543 508 1568 more
546 1528 706 1568 Graeco
742 1530 1034 1570 miserabiliter
1068 1534 1216 1570 orante
1252 1535 1298 1570 ut
1329 1544 1353 1581 9
1385 1530 1421 1569 ei
1458 1529 1619 1570 talenta
1650 1529 1793 1570 remit-

281 1588 376 1624 tant
393 1592 420 1622 0.
482 1584 560 1624 Sed
595 1585 655 1624 vel
687 1586 925 1625 necessitati
957 1586 1106 1625 cedens
1136 1600 1286 1626 novam
1318 1585 1592 1626 Demostheni
1623 1585 1793 1625 difficul-

282 1644 416 1680 tatem
443 1645 567 1693 parat
595 1641 813 1694 Aphobus.
875 1641 932 1681 Et
963 1642 1028 1681 ille
1057 1642 1223 1695 quidem
1251 1642 1619 1692 διασκευασάμενος,
1642 1641 1790 1694 inquit,

281 1696 351 1744 τὴν
391 1697 530 1735 οὐσίαν
570 1697 630 1736 καὶ
670 1698 864 1748 παραδοὺς
903 1698 972 1747 τὴν
1011 1699 1083 1747 μὲν
1124 1699 1249 1738 οἰκίαν
1289 1697 1456 1752 Αἰσίῳά,
1498 1697 1566 1737 τὸν
1607 1697 1635 1737 δ’
1671 1698 1792 1749 ἀγρὸν

280 1750 473 1802 ’Ὀνήτορα
496 1752 591 1803 πρὸς
613 1754 686 1802 μὲν
712 1755 881 1795 ἐκείνους
902 1755 1008 1803 δίκην
1031 1754 1091 1793 καὶ
1115 1753 1322 1805 πράγματα
1344 1754 1451 1805 ἔχειν
1477 1755 1544 1803 ἐμὲ
1568 1755 1789 1804 πεποίηκεν,

281 1808 322 1846 ἐκ
353 1809 394 1846 δὲ
425 1810 490 1857 τῆς
520 1809 639 1850 οἰκίας
670 1808 784 1850 αὐτὸς
813 1811 860 1848 τὰ
891 1811 1008 1859 σκεύη
1038 1811 1177 1859 λαβὼν
1208 1811 1270 1850 καὶ
1300 1810 1369 1849 τὸν
1398 1809 1546 1849 λάκκον
1574 1811 1792 1861 συντρίψας

281 1862 343 1902 καὶ
364 1865 411 1902 τὰ
431 1864 617 1913 θυρώματ“
640 1865 875 1907 ἀποσπάσας
902 1867 963 1905 καὶ
981 1867 1103 1916 μόνον
1125 1866 1192 1905 οὐκ
1217 1866 1335 1916 αὐτὴν
1356 1866 1425 1915 τὴν
1447 1867 1571 1905 οἰκίαν
1593 1866 1792 1917 ἐμπρήσας

282 1918 482 1970 Μέγαράδ’
507 1918 670 1973 ἐξῴκηκε
692 1922 802 1961 κάκεῖ
819 1922 1011 1971 μετοίκιον
1032 1921 1204 1961 τέθεικεν
1218 1930 1246 1961 θ.

339 1975 470 2024 Quem
497 1975 630 2015 locum
652 1980 793 2016 tamen
819 1992 868 2016 ac
897 1982 1032 2017 totam
1059 1977 1290 2017 orationem
1317 1992 1398 2031 quo
1426 1977 1581 2017 diutius
1602 1981 1644 2017 et
1670 1991 1790 2017 accu-

281 2030 415 2069 ratius
451 2031 678 2080 considero,
715 2046 762 2071 eo
796 2032 929 2086 magis
968 2038 1146 2086 augetur
1181 2038 1223 2073 et
1258 2034 1530 2073 confirmatur
1565 2048 1669 2087 quae
1700 2034 1789 2086 jam

281 2086 437 2125 dudum
461 2087 645 2126 animum
673 2102 809 2126 meum
838 2088 967 2128 subiit
993 2089 1183 2142 suspicio,
1210 2104 1303 2129 eam
1329 2104 1354 2129 a
1379 2090 1666 2129 Demosthene
1693 2089 1790 2128 scri-

281 2145 399 2194 ptam
433 2156 522 2181 esse
556 2157 638 2181 non
674 2158 806 2196 posse.
868 2145 939 2183 Ad
975 2144 1135 2184 dicendi
1170 2159 1301 2198 genus
1337 2146 1449 2198 quod
1484 2145 1652 2194 attinet,
1689 2145 1790 2186 licet

282 2197 485 2250 quaedam
510 2197 565 2237 ibi
591 2199 783 2252 legantur
804 2214 908 2253 quae
929 2215 954 2240 a
976 2200 1299 2241 Demosthenica
1327 2201 1507 2241 dictione
1527 2201 1789 2254 aliquantum

280 2252 548 2301 abhorreant,
571 2259 618 2294 ut
639 2255 844 2294 tumidum
866 2256 1079 2295 exordium
1097 2273 1105 2296 ς
1140 2259 1172 2296 εἰ
1191 2257 1242 2306 μὴ
1263 2258 1451 2308 πρότερόν
1471 2275 1535 2307 μοι
1557 2258 1657 2307 δίκης
1678 2274 1789 2308 γενο-

279 2308 395 2358 μένης
422 2309 515 2359 πρὸς
530 2309 727 2360 Ἄφοβον,
751 2310 779 2350 ὦ
804 2313 939 2362 ἄνδρες
968 2313 1155 2359 δικασταὶ,
1179 2311 1323 2367 συνῄδη
1345 2316 1480 2366 πολλῷ
1509 2314 1654 2353 τούτων
1674 2317 1787 2362 μείζω

281 2365 342 2403 καὶ
364 2364 542 2415 δεινότερ’
566 2367 681 2405 αὐτοῦ
702 2368 955 2418 ψευσαμένου
974 2369 1109 2421 ῥᾳδίως
1131 2368 1336 2420 ἐξελέγξας
1358 2371 1419 2408 διὰ
1439 2370 1509 2418 τὴν
1530 2369 1788 2420 περιφάνειαν

279 2423 354 2458 τῶν
375 2421 626 2470 ἀδικημάτων,
651 2425 878 2472 θαυμαστῶς
906 2423 953 2463 ἂν
978 2425 1026 2464 ὡς
1054 2425 1301 2474 εὐλαβούμην
1325 2425 1375 2474 μὴ
1398 2426 1459 2464 καὶ
1485 2428 1552 2464 νῦν
1574 2426 1618 2464 οὐ
1639 2428 1787 2475 δυνηθῶ

279 2478 411 2524 δεῖξαι,
433 2478 485 2530 πῇ
507 2480 790 2528 παρακρούεταί
807 2479 893 2518 ποθ”
911 2480 1056 2519 ἕκαστα
1076 2481 1171 2529 ὑμᾶς
1194 2481 1330 2528 αὐτῶν,
1353 2481 1490 2534 paullo
1511 2485 1607 2534 post
1627 2495 1666 2534 p.
1690 2481 1785 2532 844.

280 2530 474 2584 frigidum
495 2532 594 2572 illud
616 2534 688 2573 σὺν
710 2538 811 2576 θεοῖς
834 2537 968 2584 εἰπεῖν,
994 2550 1033 2588 p.
1058 2536 1151 2586 846.
1174 2535 1296 2576 πλέον
1316 2535 1338 2586 ἦ
1360 2537 1460 2577 πάνυ
1481 2541 1657 2585 πολλῶν,
1687 2536 1785 2576 ibid.

322 2655 339 2678 y
356 2651 392 2680 C.
409 2651 535 2690 Aphob.
554 2661 580 2681 2.
600 2663 629 2691 p.
648 2654 710 2689 840
726 2664 770 2693 sq.
1068 2656 1248 2685 &Volumus
1273 2656 1436 2687 intellexit.
1483 2657 1598 2688 Aesius
1620 2657 1717 2687 frater
1740 2658 1786 2687 A-

322 2698 337 2714 Z
355 2693 389 2722 C.
410 2693 489 2722 Mid.
508 2704 536 2731 p.
555 2704 627 2731 530.
1066 2698 1159 2736 phebi
1191 2705 1269 2728 erat.
1316 2699 1381 2728 Alii
1413 2701 1451 2729 de
1481 2700 1624 2738 Aphobo,
1654 2699 1785 2739 Aphobi

315 2735 544 2773 aIl›id.p.540.
557 2735 855 2781 δίδωμιξῖιεοσιμνᾶς
865 2737 996 2776 τούτοις,
1065 2740 1138 2776 filio,
1171 2741 1372 2779 cogitarunt;
1399 2743 1451 2771 sed
1482 2742 1505 2772 si
1534 2742 1670 2780 Aphoho
1701 2742 1786 2772 filius

280 2775 354 2805 ὅσου
369 2776 427 2820 τὴν
443 2779 644 2816 τριηραρχίαν
661 2782 741 2813 ἦσαν
756 2780 996 2814 μεμισθωκότες.
1064 2788 1142 2819 erat,
1165 2793 1222 2811 cnr
1245 2785 1381 2819 tandem,
1404 2785 1485 2822 quod
1509 2791 1599 2814 acute
1622 2784 1785 2823 indagavit

323 2819 339 2841 b
358 2820 393 2847 (t.
416 2820 536 2857 Apliob.
554 2829 584 2857 3.
602 2830 629 2858 p.
650 2820 722 2859 847.
741 2820 813 2850 862.
1066 2824 1251 2861 Reisxms,
1269 2835 1299 2863 p.
1318 2826 1391 2855 860.
1409 2833 1513 2856 orator
1534 2827 1609 2856 dicit
1626 2838 1631 2854 :
1658 2826 1695 2856 ἂν
1710 2826 1785 2856 &rto-

323 2867 338 2882 c
356 2860 392 2889 C.
410 2861 506 2890 Onet.
525 2871 598 2900 1.p.
615 2862 687 2900 872.
1063 2864 1162 2904 μόσῃς
1188 2866 1337 2896 τάναντία
1365 2867 1484 2897 τούτων
1511 2868 1604 2898 κατὰ
1631 2870 1698 2904 τῆς
1727 2871 1783 2898 Θυ-

322 2900 338 2922 d
365 2902 413 2931 s‘ic
438 2913 493 2941 pro
516 2903 654 2942 Ἀφόβῳ,
679 2905 760 2942 quod
784 2911 830 2934 est
854 2905 885 2934 in
911 2905 996 2935 libris
1063 2906 1213 2946 Ὑατρός.

281 2943 436 2977 omnibus,
470 2945 666 2976 scribendum
697 2956 762 2976 esse
789 2948 855 2984 jam
885 2947 996 2977 HIER.
1109 2956 1122 2973 e
1141 2951 1176 2979 U.
1195 2949 1318 2989 Aphob.
1338 2959 1367 2987 3.
1386 2962 1415 2990 p.
1429 2952 1501 2990 845.
