1935 3200
267 118 378 158 1384
817 114 878 153 IN
910 112 1222 153 NEAERAM.

265 221 557 274 viri—fuerint
584 219 638 269 hi,
668 232 832 272 quorum
858 219 903 258 iu
925 218 1103 272 qratiam
1121 217 1385 272 peculiariter
1411 217 1506 257 haec
1534 217 1594 258 ἶνιν
1618 219 1774 258 sancita

266 284 331 318 est.
375 276 567 316 REISK.

328 342 447 386 1377,
471 333 509 372 6.
531 332 601 381 τὴν
621 331 770 383 χώραν]
808 330 991 370 Subaudi
1012 331 1153 380 ταύτην
1173 329 1243 379 τὴν
1259 328 1448 378 Ἀττικήν.
1486 328 1680 370 RElSK.

328 398 448 441 1377,
472 388 509 427 8.
537 390 604 428 τὰς
633 390 746 427 κυνᾶς
771 388 839 428 τὰς
860 386 1062 438 Βοιωτίας]
1092 385 1221 426 Galea
1246 384 1444 425 Boeotiea
1469 390 1725 425 memoratur
1748 400 1774 426 a

266 443 421 483 multis.
469 442 709 496 Xenophon
731 447 782 482 Π.
807 444 960 492 ἱππικῆς
987 456 1069 481 non
1098 441 1241 495 procul
1264 455 1289 481 a
1315 440 1423 480 fine:
1458 440 1594 491 κράνος
1623 458 1669 492 γε
1698 441 1774 491 μὴν

268 499 473 551 κράτιστον
506 498 604 538 εἶναι
637 499 839 548 νομίζομεν
871 498 913 537 τὸ
944 497 1231 549 βοιωτιουργές·
1266 500 1376 536 τοῦτο
1409 499 1483 548 γὰρ
1517 497 1563 536 αὖ
1597 497 1774 548 στεγάζει

266 555 439 605 μάλιστα
477 554 605 594 πάντα
645 556 692 593 τὰ
725 553 968 606 ὑπερέχοντα
1008 557 1074 593 τοῦ
1115 554 1296 605 θώρακος,
1334 554 1429 603 ὁρᾶν
1468 554 1509 592 δὲ
1542 553 1586 592 οὐ
1622 554 1772 593 κωλύει.

268 611 582 664 Theophrastus
612 609 729 649 Hist.
760 609 898 650 Plant.
931 623 1082 662 3,10.;
1118 610 1201 661 ἔχει
1236 610 1277 648 δὲ
1312 609 1504 660 πτέρυγας
1540 608 1581 647 τὸ
1618 609 1775 660 φύλλον

268 667 329 706 καὶ
361 666 417 706 ἐπ’
446 667 624 712 ἔλαττον,
657 667 758 705 ὥστε
788 666 857 714 τὴν
887 666 985 715 ὅλην
1013 665 1169 716 μορφὴν
1201 665 1299 704 εἶναι
1335 666 1535 713 κυκλοειδῆ
1567 664 1627 703 καὶ
1656 666 1773 715 παρό-

265 739 377 772 μοιον
397 722 569 772 μάλιστα
589 726 672 763 ταῖς
688 722 887 763 Βοιωτίαις
909 720 1073 762 κυνέαις.
1115 720 1317 760 Aelianus
1333 720 1387 758 V.
1404 721 1462 759 H.
1480 733 1518 772 3,
1540 731 1629 770 24.;
1662 720 1774 771 λέγε-

265 795 328 818 ται
362 779 430 818 οὖν
461 780 481 817 ὁ
512 781 578 817 τοῦ
616 778 793 829 Γρύλλου
827 777 896 827 τὴν
930 778 1003 827 μὲν
1035 777 1181 816 ἀσπίδα
1206 775 1443 828 Ἀργολικὴν
1479 776 1598 828 ἔχειν,
1630 775 1698 815 τὸν
1733 777 1775 815 δὲ

268 835 422 885 θώρακα
447 833 639 882 Ἀττικὸν,
669 833 712 872 τὸ
742 835 783 873 δὲ
812 833 950 884 κράνος
976 832 1261 884 βοιωτιουργές.
1324 831 1473 871 Pollux
1495 845 1527 879 Ι,
1551 844 1642 884 149.
1672 832 1775 871 εὐδό-

267 906 357 939 κιμα
378 891 419 929 δὲ
442 891 566 941 θώραξ
588 889 844 940 ἀττικουργὴς,
869 889 1005 939 κράνος
1023 887 1306 940 βοιωτιουργές.
1337 888 1413 927 TA
1425 887 1595 927 YLOR.
1656 887 1774 928 Haec

268 950 366 985 sunt
386 945 572 1000 tegmina
599 944 782 998 capitum
804 944 973 998 pellicea
1001 944 1058 983 sie
1084 944 1208 991 dieta,
1233 944 1343 997 quod
1370 943 1562 997 primitus
1583 943 1732 984 fierent
1753 958 1775 983 e

268 1016 418 1041 eanum
453 1000 638 1054 pellibus.
700 1002 867 1040 Manen
901 1014 976 1039 nos
1010 1000 1278 1053 appellamus.
1342 999 1483 1039 Medio
1515 1013 1616 1040 aevo
1651 1013 1775 1039 eame-

268 1057 404 1097 Zaucia
443 1056 724 1110 appellabant,
768 1056 878 1109 quod
919 1056 1163 1096 vocabulum
1202 1060 1266 1096 est
1307 1070 1329 1095 e
1371 1055 1524 1095 Latino
1567 1055 1776 1109 capillicia

267 1113 492 1152 detortum.
534 1113 735 1151 REISK.
809 1112 924 1152 Oitat
963 1112 1071 1150 1111110
1111 1112 1246 1151 locum
1287 1111 1464 1151 Photius
1504 1126 1545 1165 p.
1582 1114 1675 1166 189,
1713 1124 1775 1164 19.

269 1169 527 1208 SCHAEF.

327 1237 448 1278 1377,
473 1237 538 1265 12·
561 1224 629 1263 οὐκ
652 1223 890 1276 ἐτόλμησαν]
914 1224 1008 1263 Non
1028 1224 1309 1263 sustinueram.
1344 1222 1593 1263 SCHAEF.

327 1292 446 1333 1377,
477 1292 536 1333 13.
572 1279 775 1331 ἡμετέρας]
821 1279 967 1319 Malim
1002 1278 1201 1330 ὑμετέρας.
1261 1280 1322 1319 Et
1359 1279 1414 1318 sie
1448 1293 1609 1332 quoque
1645 1293 1681 1318 v.
1717 1288 1773 1330 ¹7·

268 1335 306 1374 N
309 1349 362 1374 011
383 1335 493 1374 enim
513 1335 632 1374 decet
652 1334 855 1374 novitium
876 1335 1005 1374 civem
1026 1334 1327 1375 Atheniensem
1347 1339 1434 1375 tam
1455 1339 1703 1389 arroganter
1722 1335 1777 1375 ad

263 1391 425 1444 judiees
445 1390 569 1444 loqui.
601 1390 795 1430 REISK.
858 1390 1014 1444 Recepi
1035 1391 1232 1441 ὑμετέρας.

321 1449 433 1497 μόνοι
454 1451 529 1486 τῶν
549 1448 685 1486 ἄλλων
706 1446 897 1499 Βοιωτῶν]
920 1447 1036 1498 χωρὶς
1056 1450 1131 1486 τῶν
1153 1447 1288 1486 ἄλλων
1311 1450 1500 1486 Βοιωτῶν.
1530 1445 1775 1486 SOHAEF.

329 1513 448 1556 1377,
474 1514 538 1543 20.
561 1504 603 1542 ἐν
625 1502 834 1555 Σαλαμῖνι]
859 1502 991 1555 Atqui
1016 1502 1259 1542 Herodotus
1283 1503 1318 1549 8,
1341 1514 1432 1552 44.;
1463 1504 1505 1542 ἐν
1527 1506 1777 1552 Σαλαμῖνι-

269 1559 312 1598 οὐ
349 1558 702 1610 συνεναυμάχησαν
733 1557 951 1600 Πλαταιέες
980 1557 1236 1605 Ἀθηναίοισι.
1282 1562 1330 1597 ut
1365 1562 1508 1598 orator
1541 1558 1777 1608 μνημονικὸν

268 1614 469 1665 ἁμάρτημα
499 1617 683 1665 ἁμαρτεῖν
713 1613 841 1653 videri
872 1614 1017 1667 possit.
1080 1614 1162 1653 Sed
1192 1613 1280 1653 fieri
1311 1614 1450 1666 potuit
1480 1618 1527 1653 ut
1559 1614 1777 1654 Plataeen-

269 1670 375 1709 sium
401 1684 498 1722 pars
526 1670 637 1722 apud
659 1669 938 1709 Athenienses
966 1675 1179 1709 maneret:
1212 1669 1369 1709 scilieet
1396 1672 1432 1709 οἱ
1460 1670 1527 1709 οὐκ
1556 1669 1778 1720 ἀποβάντες

266 1725 361 1776 πρὸς
382 1725 585 1775 ἐκκομιδὴν
605 1729 681 1764 τῶν
702 1727 875 1773 οἰκετῶν,
898 1730 945 1764 ut
967 1725 1116 1778 quibus
1138 1730 1341 1764 carerent.
1375 1726 1633 1765 SCHAEF.

329 1782 449 1834 1378,
475 1795 511 1832 7.
533 1780 742 1828 (Ελλήνων
771 1780 1162 1833 ἀρχηγὸς-ἀνέθηκε
1190 1781 1309 1833 τόδε]
1340 1781 1601 1834 Thucydides
1627 1794 1661 1829 Ι,
1685 1794 1775 1835 132.

270 1836 523 1876 Plutarchus
552 1837 602 1875 do
625 1836 835 1876 Herodoti
867 1836 1033 1889 malign.
1056 1837 1179 1889 juxta
1206 1836 1329 1876 finem
1358 1841 1401 1876 et
1433 1837 1580 1877 Suidas
1607 1852 1643 1877 v.
1668 1841 1774 1877 Παυ-

267 1893 406 1933 σανίας
446 1892 590 1931 eadem
628 1892 797 1931 habent.
861 1892 1012 1932 Confer
1050 1892 1108 1929 W
1113 1892 1301 1945 esseling.
1335 1893 1389 1932 ad
1426 1892 1596 1932 Diodor.
1624 1906 1685 1941 11,
1708 1906 1776 1946 33.

266 1947 400 1986 Porro
423 1947 636 1987 Cornelius
667 1947 805 2000 Nepos
836 1947 878 1986 in
911 1947 1121 1988 Pausania
1151 1948 1324 1987 eandem
1354 1948 1571 1988 historiam
1601 1952 1773 1988 narrat:

265 2003 456 2042 Primum
488 2004 532 2042 «ἰιι
561 2017 599 2042 eo
629 2010 681 2043 est
713 2003 977 2056 roeprelemszcs,
1009 2003 1112 2057 qaod
1138 2017 1183 2043 αι’
1203 2004 1363 2057 praeda
1393 2004 1583 2057 tripodem
1614 2018 1778 2044 aureum

265 2059 436 2111 Delphis
455 2059 656 2111 posuisset,
680 2059 961 2112 ορῑίονανιοιῑιΐο
987 2060 1144 2112 scripto,
1168 2060 1210 2098 sin
1237 2074 1310 2112 qao
1337 2059 1430 2099 haec
1455 2067 1539 2106 erat
1558 2060 1744 2099 sententia
1761 2075 1774 2098 :

268 2114 382 2153 SUO
434 2114 640 2154 DUCTU
682 2114 997 2155 BARBAROS
1044 2115 1215 2154 APUD
1267 2115 1583 2155 PLATAEAS
1634 2115 1776 2155 ESSE

267 2169 538 2208 DELETOS
586 2169 861 2219 EJUSQUE
904 2170 1232 2210 VICTORIAE
1284 2171 1440 2211 ERGO
1486 2171 1775 2211 APOLLINI

266 2224 486 2263 DONUM
526 2224 790 2264 DEDISSE.
857 2225 940 2264 Hos
975 2240 1104 2265 'versus
1134 2226 1439 2266 Lacedaemonii
1473 2226 1774 2280 emwndpswunt,

264 2293 383 2332 neque
413 2280 532 2319 aliud
562 2280 802 2333 scripserant
836 2295 954 2333 quam
988 2281 1148 2320 ηουιιίια
1183 2295 1318 2320 aarum
1355 2282 1571 2327 civitatmn,
1606 2296 1775 2335 quarum

266 2335 420 2374 carmelio
440 2336 589 2375 Persae
610 2341 722 2374 eram
743 2335 851 2374 vic-Ji.
888 2337 1162 2376 TAYLOR.
1216 2336 1269 2375 V.
1291 2336 1513 2376 Jaeobsius
1534 2338 1588 2377 ad
1610 2338 1775 2378 Antho—

267 2390 347 2444 log.
373 2390 506 2430 Palat.
529 2405 568 2442 p.
592 2392 682 2432 168.
717 2391 974 2430 SCHAEF.

328 2447 446 2498 1378,
475 2459 536 2485 10.
566 2445 814 2499 συμμάχων]
847 2446 1071 2498 συμμάχων.
1095 2447 1272 2487 Bekker.
1316 2448 1449 2498 Quam
1477 2448 1774 2502 interpunctio-

267 2515 362 2540 nem
389 2501 420 2540 si
449 2502 614 2553 probas,
639 2501 831 2555 periodus
857 2502 969 2549 haee,
994 2517 1098 2555 quae
1127 2518 1166 2556 p.
1195 2513 1308 2555 1377,
1334 2517 1398 2558 23.
1421 2519 1569 2544 exorsa
1593 2520 1618 2546 a
1639 2505 1774 2545 Verbis

270 2558 352 2596 ἐπεὶ
381 2559 421 2596 δὲ
451 2558 735 2598 Παυσανίας-
755 2571 829 2609 per
856 2558 1052 2611 ambages
1080 2558 1307 2611 porrigitur
1333 2560 1577 2609 tol-tuosius,
1601 2560 1774 2614 apodosi

269 2616 397 2652 earet.
442 2612 496 2651 V.
518 2616 605 2652 not.
627 2626 711 2665 seq.
748 2613 1004 2652 SCHAEF.

326 2667 386 2720 δὲ]
423 2667 516 2706 Νο11
554 2672 645 2707 erat
680 2682 753 2706 eur
792 2668 983 2707 Reiskius
1023 2669 1270 2721 particulam
1306 2671 1485 2710 deletam
1520 2671 1674 2711 mallet.
1717 2671 1770 2710 V.

270 2722 485 2762 Wolfiana
504 2723 557 2762 ad
580 2723 852 2777 Xenophont.
878 2723 1039 2763 Hellen.
1057 2738 1088 2773 1,
1109 2738 1148 2777 3,
1173 2738 1235 2766 20.
1260 2741 1299 2779 p.
1322 2740 1335 2765 1
1350 2738 1412 2779 15.
1449 2726 1698 2766 SOHAEF.

331 2779 448 2830 1378,
473 2791 535 2830 13.
560 2780 606 2817 τὰ
628 2780 800 2830 ἐλεγεῖα]
826 2778 1013 2819 Adverte
1034 2794 1153 2819 usum
1174 2781 1355 2834 pluralis.
1394 2781 1601 2835 Singulari
1623 2782 1673 2821 de
1694 2782 1771 2821 hoc

267 2832 567 2886 epigrammate
589 2833 724 2874 utitur
745 2834 1007 2888 Thucydides
1030 2849 1060 2881 1,
1083 2849 1172 2889 132.
1210 2837 1458 2877 SOHAEF.

330 2889 448 2939 1378,
474 2900 538 2929 21.
574 2889 714 2939 ἔπραξε
748 2891 788 2929 δὲ
822 2889 922 2930 ταῦτ’
953 2892 993 2930 ἐκ
1026 2894 1174 2941 Θηβῶν
1205 2894 1254 2931 δι’
1286 2892 1516 2944 Εὐρυμάχου
1552 2896 1618 2932 τοῦ
1651 2895 1771 2932 Λεον-
