1935 3200
263 137 374 179 1098
633 130 956 172 ADVERSUS
988 128 1404 169 ZENOTHEMIN.

259 246 475 301 gesserint,
509 250 555 284 ut
589 241 856 283 Zenothemis
891 246 932 281 et
966 242 1261 294 HegestratUS,
1296 239 1364 292 qui
1399 238 1569 292 professi
1603 242 1700 278 sunt
1731 252 1773 278 se

265 303 500 343 scelerosos.
535 299 726 339 REISK.

321 360 371 397 88
377 368 414 411 5,
440 369 475 409 ¹7.
508 357 550 395 τὸ
587 358 626 405 ἐξ
660 353 799 407 ἀρχῆς]
835 354 944 393 Cave
969 353 1122 406 jungas
1152 352 1195 390 τὸ
1229 354 1267 401 ἐξ
1300 352 1429 403 ἀρχῆς,
1463 365 1567 405 quae
1598 350 1775 390 formula

263 415 371 454 infra
392 429 426 453 v.
452 416 510 452 18.
543 412 708 466 legitur.
753 410 955 450 Nostrum
984 411 1023 458 ἐξ
1051 411 1182 460 ἀρχῆς,
1212 407 1260 447 ab
1287 407 1416 455 initio,
1443 406 1622 447 recurrit
1649 422 1685 446 v.
1712 408 1774 446 16.

267 469 521 511 SOHAEF.

322 527 415 578 885,
447 539 483 577 9.
520 521 788 576 Ἀριστοφῶν]
828 521 1176 574 Aristophontem
1216 520 1324 559 hunc
1366 519 1432 558 vix
1473 533 1576 573 opus
1615 518 1774 558 moneri

265 582 473 622 diversum
501 594 591 620 esse
619 580 671 619 ab
696 578 1001 632 Aristophonte
1024 576 1242 616 Azeniensi
1275 580 1317 615 et
1346 575 1584 628 Collytensi,
1607 575 1658 614 de
1687 574 1774 628 qui-

263 640 343 678 bus
366 637 523 677 dictum
544 637 597 676 ad
619 651 657 689 p.
683 636 775 684 248,
801 635 837 673 8.

323 694 374 733 88
378 706 416 747 5,
450 707 507 734 ιο.
539 696 657 732 ταῦτα
689 690 797 731 redit
827 691 881 730 ad
910 689 1123 743 negotium
1154 687 1470 741 Aristophontis
1500 701 1593 726 cum
1624 686 1777 726 Micca-

264 750 391 798 lione,
413 764 493 804 quo
516 749 566 789 de
588 747 756 802 negotio
778 746 898 786 nobis
923 745 1045 785 hodie
1066 745 1122 784 nil
1145 748 1323 784 constat.
1357 743 1549 783 REISK.

324 807 417 860 885,
448 819 507 844 ῙΙ.
532 802 854 856 κατεπήγγελται]
879 800 1267 852 κατεπαγγέλλεσθαι
1300 801 1437 839 ἑαυτόν
1460 816 1532 839 τινι
1560 804 1624 838 est
1651 798 1779 838 alicui

264 877 424 916 operam
455 875 568 901 suam
602 860 798 907 addicere,
836 859 1044 905 condicere,
1081 857 1217 896 (ledere
1250 863 1366 909 atque
1399 869 1622 895 consecrare
1653 860 1777 895 semet.

265 918 485 958 Sententia
505 917 647 970 itaque
669 916 771 956 haec
793 920 856 955 est
875 930 882 954 ε
916 913 1154 966 Aristoplwn
1175 912 1354 966 linquam
1378 926 1488 952 saam
1511 911 1555 950 in
1579 917 1779 964 quaestum

262 975 426 1014 contulit
447 980 482 1014 et
502 974 593 1013 lmz‘e
614 971 887 1013 Zenothmnidsef
907 984 980 1011 sese
1005 969 1166 1009 addimit
1187 975 1302 1021 atque
1323 967 1512 1008 vendidit.
1546 966 1737 1006 REISK.

320 1032 414 1083 885,
447 1031 505 1069 [8.
531 1031 550 1069 ὁ
572 1028 660 1079 παρ’
682 1030 788 1078 ἡμῶν
811 1025 1026 1079 ἐπιπλέων]
1052 1025 1106 1064 V.
1130 1025 1183 1065 ad
1205 1039 1244 1078 p.
1269 1025 1362 1074 884,
1386 1037 1451 1062 11.

317 1089 353 1127 οἱ
385 1084 604 1139 δανεισταὶ]
640 1086 944 1124 Foeneratores
979 1082 1020 1120 hi
1055 1086 1153 1121 sunt
1187 1080 1374 1120 homines
1407 1079 1669 1133 Syracusani,
1704 1078 1774 1132 qui

261 1141 551 1183 Zenothemidi
572 1155 643 1181 aes
662 1140 856 1180 foenebre
877 1139 1092 1179 dederant.
1126 1136 1319 1176 REISK.
1363 1138 1646 1190 Syracusanos
1668 1135 1771 1175 dicit

261 1202 514 1240 memoratos
544 1213 583 1251 p.
608 1197 701 1250 883„
727 1198 763 1235 8.
797 1197 833 1235 οἱ
864 1196 1066 1235 δὲ--ἄλλο
1098 1193 1128 1232 δ’
1152 1192 1265 1233 οὐδέν
1296 1193 1401 1233 citat
1434 1193 1643 1245 Harpocr.
1675 1206 1707 1231 s.
1736 1205 1773 1231 v.

267 1255 450 1308 Χρήστης-

322 1312 416 1366 885,
446 1324 506 1362 19.
531 1309 825 1362 ἐξηπατημένοι]
848 1308 1085 1358 ἠπατημένοι
1108 1305 1435 1360 Harpocration.

325 1369 418 1422 885,
444 1380 509 1408 21.
549 1368 688 1406 ἐλπίδα
722 1364 896 1418 ἔχοντες]
924 1364 1217 1409 Fam-atores,
1250 1375 1337 1401 cam
1373 1360 1560 1408 viderent,
1592 1374 1630 1400 se
1664 1359 1783 1401 aliud

262 1423 369 1464 m‘hil
400 1422 549 1471 habere,
583 1435 702 1476 qaam
736 1421 888 1461 malam
923 1419 1143 1465 debitorem,
1179 1418 1336 1472 quicum
1370 1423 1538 1470 afferent,
1561 1416 1670 1469 freti
1700 1430 1778 1470 spe,

252 1481 347 1533 fore
378 1486 432 1529 at,
464 1480 500 1519 si
530 1493 604 1526 vos,
626 1478 799 1531 judiees,
823 1476 1066 1530 pateremini
1101 1474 1150 1514 ab
1181 1475 1249 1513 laoc
1280 1479 1491 1513 veteratore
1523 1487 1587 1512 vos
1616 1472 1781 1514 circum-

264 1536 405 1582 veniri,
427 1550 514 1575 suos
533 1549 669 1574 wantos
688 1548 706 1573 e
725 1533 868 1573 ‘nostris
893 1532 998 1572 bonis
1019 1536 1378 1584 recuperarent,—.
1412 1528 1608 1568 REISK.

324 1593 418 1640 886,
441 1605 478 1645 3.
518 1592 610 1630 ὅθεν
648 1590 1137 1639 ἐξέπλευσε-καταπλεῖν
1178 1586 1291 1640 αὐτὸ]
1340 1586 1459 1624 Haec
1501 1589 1565 1625 est
1603 1584 1781 1624 formula

260 1648 404 1702 judicii
436 1663 461 1688 a
494 1645 871 1700 Cephalenensibus
898 1643 1108 1697 judicibus
1139 1642 1227 1683 lati.
1270 1641 1469 1680 REISK.
1533 1640 1586 1679 V.
1619 1655 1659 1693 p.
1685 1641 1778 1691 884,

271 1717 337 1745 20.
373 1704 629 1743 SCHAEF.

324 1760 417 1805 886,
440 1773 479 1810 4.
503 1761 539 1799 οἱ
568 1759 628 1798 ἐπὶ
657 1759 701 1812 τῇ
731 1757 794 1807 νηῒ
819 1754 1101 1808 δεδανεικότες]
1128 1754 1186 1793 Hi
1217 1753 1444 1793 creditores
1472 1752 1550 1791 hoc
1580 1765 1661 1791 uno
1689 1752 1780 1791 loco

263 1820 560 1863 memorantur,
583 1813 732 1854 diversi
753 1814 807 1853 ab
831 1811 1100 1866 Syracusanis
1126 1811 1191 1861 (de
1213 1809 1362 1862 quibus
1383 1824 1418 1848 v.
1441 1808 1495 1848 ad
1516 1823 1556 1861 p.
1578 1808 1671 1861 885,
1696 1808 1774 1860 18.)

272 1877 319 1912 ut
340 1876 482 1911 monet
505 1870 741 1910 Penrosius.

324 1928 418 1975 886,
441 1941 480 1980 5.
508 1929 526 1967 ὁ
549 1926 762 1978 ἠγορακὼς]
787 1925 957 1971 Protus,
979 1924 1028 1962 de
1051 1938 1133 1976 quo
1155 1922 1299 1962 statim
1320 1922 1452 1975 plura.
1488 1920 1685 1959 REISK.

327 1985 420 2032 886,
452 1998 512 2024 10.
556 1985 575 2022 ὁ
611 1980 789 2034 Πρῶτος]
827 1981 981 2020 Protus
1019 1994 1101 2019 was
1134 1994 1224 2018 now
1260 1978 1300 2016 in
1336 1978 1480 2030 league
1515 1976 1615 2016 with
1651 1975 1782 2014 Zeno-

264 2040 428 2088 themis,
465 2054 510 2079 so
550 2039 646 2078 that
686 2038 719 2077 it
760 2037 793 2076 is
834 2035 1099 2088 exceedingly
1139 2034 1266 2074 artful
1307 2033 1347 2072 in
1391 2032 1693 2072 Demosthenes
1733 2034 1778 2071 to

264 2100 410 2149 repeat
440 2095 525 2135 this
557 2093 845 2133 conversation
874 2092 915 2130 in
944 2091 1076 2130 which
1103 2091 1154 2130 he
1183 2090 1283 2130 took
1316 2093 1424 2143 part,
1456 2088 1579 2141 being
1609 2088 1712 2127 then
1739 2086 1780 2126 in

265 2167 292 2192 a
319 2151 511 2191 different
533 2165 621 2203 way
643 2150 689 2189 of
712 2147 917 2201 thinking.
981 2147 1069 2185 The
1097 2145 1321 2186 admission
1354 2144 1485 2183 which
1509 2144 1664 2183 Protus
1693 2156 1784 2182 now

267 2207 389 2246 made
411 2208 456 2246 of
480 2206 552 2246 the
577 2205 728 2258 justice
756 2204 801 2243 of
823 2203 896 2243 the
924 2202 1044 2242 claim
1073 2202 1118 2241 of
1143 2200 1411 2241 Zenothemis
1439 2214 1523 2239 was
1552 2198 1783 2239 calculated

270 2268 316 2303 to
337 2263 445 2302 raise
466 2277 491 2301 a
514 2266 660 2315 strong
682 2259 892 2314 prejudice
913 2257 1080 2312 against
1102 2258 1275 2297 Demon.
1310 2254 1594 2294 PENROSE.

329 2319 423 2365 886,
453 2329 516 2357 12.
552 2315 827 2368 εΗγεστροίτῳ]
869 2313 988 2353 Socio
1022 2318 1107 2359 tuo,
1144 2312 1336 2352 fraudum
1373 2315 1540 2350 tuarum
1575 2309 1781 2363 participi.

272 2373 524 2414 SEAGER.
549 2372 666 2412 Diar.
692 2371 857 2411 Classic.
880 2383 947 2422 59.
968 2384 1007 2422 p.
1034 2380 1119 2422 105.

329 2431 422 2477 886,
450 2439 513 2482 15.
544 2429 593 2467 σὺ
614 2429 697 2477 οὖν]
724 2425 985 2465 Zenothemi.

330 2487 424 2531 886,
453 2486 513 2524 16.
538 2484 627 2534 ἔφη]
655 2481 922 2521 Zenothemis
944 2481 1085 2533 ajebat
1107 2494 1137 2518 s.
1161 2479 1429 2519 concedebat.

328 2542 423 2586 886,
454 2553 517 2591 23.
553 2538 840 2590 (Ηγέστρατοῇ
885 2536 963 2587 Qui
1004 2549 1148 2575 navem
1191 2535 1393 2588 pertudit,
1431 2538 1477 2573 ut
1518 2533 1782 2586 deprimeret.

277 2596 526 2637 SEAGER.
550 2594 667 2634 Diar.
691 2593 859 2633 Classic.
883 2602 949 2646 59.
973 2607 1011 2644 p.
1036 2604 1125 2643 105.

330 2654 424 2697 886,
451 2664 514 2704 25.
545 2652 578 2690 εἰ
604 2652 676 2699 μὲν
707 2651 759 2690 εἷς
787 2650 919 2688 πίστιν
950 2647 1132 2698 δέδωκας]
1160 2647 1352 2685 πιστεύων
1384 2646 1495 2698 αὐτῷ.
1559 2644 1781 2697 Sequitur:

274 2711 307 2748 εἰ
339 2708 369 2747 δ’
399 2710 572 2747 ἀπιστῶν
607 2707 829 2757 ἐτύγχανες.
867 2703 1060 2742 WOLF.
1126 2700 1168 2740 Si
1206 2701 1371 2753 quidem
1407 2700 1501 2739 fidei
1536 2700 1783 2754 Hegestrati

272 2765 445 2804 credens
476 2761 691 2815 pecuniam
722 2759 966 2805 numerasti,
997 2771 1121 2810 quam
1150 2756 1204 2794 illi
1234 2761 1378 2796 mutuo
1410 2761 1450 2795 tc
1482 2755 1645 2795 dedisse
1675 2756 1783 2795 affir—

270 2834 370 2859 mas.
406 2817 653 2858 SEAGER.
687 2816 710 2855 l.
746 2830 778 2855 c.
841 2814 894 2854 V.
930 2813 1070 2853 Reisk.
1108 2812 1198 2851 Incl.
1237 2812 1466 2852 Graecitat.
1505 2826 1536 2850 s,
1569 2826 1604 2851 v.
1641 2812 1781 2853 πίστις.

276 2874 525 2915 SOHAEF
