1935 3200
281 94 383 130 1500

325 190 381 217 tur
422 185 607 228 imperator
647 187 765 219 classis
794 187 927 220 Atticae
963 188 997 220 in

324 230 471 263 Thracia
493 231 609 270 fuisse,
629 243 697 275 quo
718 237 872 275 tempore
892 233 997 276 Cotys

325 276 478 318 emporia
503 276 668 309 Thraciae
695 283 796 321 atque
825 277 997 311 Cherrho-

326 322 398 354 nesi
433 321 704 355 Atheniensibus
746 323 920 366 eripiebat.
964 336 996 367 p.

330 377 429 405 1210,
449 367 511 399 ult.
540 366 665 400 dicitur
692 367 834 401 Menoni
862 380 997 402 succes-

327 423 384 444 sor
401 412 545 445 venisse.

278 457 520 490 Timosthenes
554 458 771 502 Aegiliensis,
807 460 999 503 negotiator

328 513 363 534 11
394 536 399 543 ,
419 529 426 541 ,
472 529 477 535 .

276 513 493 587 Timo9tl31e38,
510 548 664 582 Cononis
683 549 784 588 filius,
803 551 915 583 clarus
935 551 997 583 im-

323 599 468 636 perator,
488 600 607 627 auctor
627 594 729 628 fiebat
749 595 996 628 mittendarum

322 639 358 671 in
383 639 561 672 Euboeam
587 640 775 683 copiarum,
794 653 881 685 quae
905 641 997 674 The-

323 684 432 717 banos
466 685 557 718 illinc
596 687 814 729 expellerent,
845 687 920 726 108,
944 698 995 720 10.

325 729 560 763 Macedonum
601 731 727 764 auxilio
772 731 892 765 afflixit
937 739 996 765 aut

324 775 461 819 subegit
495 775 691 819 Olynthum
718 787 772 815 22,
799 790 830 818 4.
867 777 994 822 Corcy-

322 832 396 853 ram
429 822 641 865 expugnavit
667 831 740 866 172,
761 832 815 864 25.
841 823 920 862 686,
940 834 994 856 21.

324 865 469 899 Samum
489 867 646 901 liberavit
662 879 681 900 a
697 868 865 911 tyrannis,
883 875 915 902 et
936 880 993 901 ne-

322 912 416 955 gotia
448 912 522 955 ejus
552 924 630 946 cum
662 913 893 947 Ariobarzane
919 925 993 958 192,

322 968 401 999 pen.
429 957 578 1002 Τιμοθέῳ
606 958 753 993 διδόντες
781 959 841 1001 τὴν
870 959 995 1002 δωρεὰν

322 1002 401 1042 482,
422 1002 475 1035 26.
503 1003 684 1046 significat,
710 1004 939 1037 Athenienses
965 1006 994 1038 ei

322 1047 575 1081 immunitatem
610 1048 811 1088 decrevisse,
843 1050 995 1094 aliosque

322 1092 364 1125 ab
398 1104 436 1126 eo
470 1094 730 1127 commendatos
767 1095 900 1128 civitate
934 1096 994 1128 do-

322 1149 433 1171 nasse.
463 1138 650 1172 Successor
668 1140 831 1183 lphicrati
849 1140 891 1173 ad
909 1141 994 1173 Am-

323 1183 477 1226 phipolin
505 1184 570 1217 fuit
596 1185 724 1217 missus
752 1185 830 1229 669,
851 1194 881 1229 7.
916 1197 994 1229 pro-

322 1229 463 1271 ponitur
487 1229 522 1262 in
548 1231 743 1274 exemplum
769 1230 919 1264 hominis
941 1243 994 1264 ae-

322 1280 390 1306 tate
414 1285 476 1307 sua
499 1274 658 1308 ditissimi
679 1276 758 1319 815,
777 1287 828 1309 12.
855 1288 995 1309 accusa-

322 1325 378 1352 tur
395 1319 438 1352 ab
456 1320 668 1363 Apollodoro
690 1321 844 1354 Pasionis
863 1321 903 1354 de
921 1334 996 1355 aere

324 1364 439 1397 debito
456 1377 475 1397 a
492 1378 524 1409 p.
546 1368 641 1407 1184.
661 1366 703 1399 ad
722 1379 754 1410 p.
774 1377 871 1408 1205.
899 1379 995 1400 men-

322 1410 370 1442 tio
389 1410 425 1443 fit
443 1410 547 1455 hujus
566 1413 792 1445 accusationis
816 1424 848 1455 p.
868 1414 946 1457 961,
966 1424 995 1445 1.

323 1456 396 1499 ejus
429 1457 553 1500 legatio
587 1457 628 1490 ad
663 1469 778 1501 regem
813 1458 996 1491 Persarum

328 1501 424 1544 1185,
453 1513 507 1535 20.
542 1514 595 1535 res
628 1502 793 1536 adversus
829 1503 995 1536 Lacedae-

325 1547 459 1579 monios
493 1549 580 1580 male
614 1555 728 1591 gestae
758 1549 855 1592 1187,
882 1560 914 1592 3.
952 1550 996 1582 ob

324 1603 409 1635 quas
439 1593 482 1626 ab
515 1593 685 1636 Iphicrate
718 1595 798 1627 item
830 1602 862 1627 et
893 1594 996 1627 Calli-

325 1643 432 1670 strato
472 1639 658 1682 majestatis
696 1639 761 1672 fuit
802 1641 996 1682 postulatus

327 1683 425 1726 1187,
446 1692 476 1727 7.
503 1695 662 1717 caussam
683 1684 771 1717 hanc
794 1685 879 1718 dixit
897 1686 996 1718 Astio

323 1728 499 1762 Archonte
521 1740 618 1773 1190,
645 1741 698 1771 24.
732 1742 832 1774 aegre
857 1730 995 1763 absolu-

322 1779 379 1806 tus
397 1773 432 1805 in
450 1774 649 1818 Aegyptum
670 1775 751 1809 abiit
769 1782 801 1809 et
824 1776 897 1820 regi
916 1776 994 1809 Per-

323 1830 438 1852 sarum
469 1821 593 1853 meruit
622 1827 660 1854 ut
692 1821 876 1864 imperator
898 1833 995 1865 1191,

324 1875 377 1897 21.
421 1865 478 1897 illa
510 1865 660 1899 infausta
692 1867 864 1910 expeditio
900 1867 995 1900 Pelo-

323 1911 530 1952 ponnesiaca
555 1911 672 1944 incidit
698 1912 733 1944 in
759 1924 902 1951 annum,
927 1924 996 1956 quo

322 1955 464 1988 Archon
497 1956 561 1989 fuit
596 1956 790 1990 Socratides
817 1967 914 2002 1197,
944 1967 994 2002 17.

324 2012 426 2044 quem
446 2002 576 2045 excepit
594 2003 713 2035 Astius
736 2009 768 2036 et
790 2003 884 2036 hunc
903 2004 995 2036 Alci-

324 2046 474 2079 sthenes.
511 2047 660 2080 Isocrate
682 2049 835 2091 sophista
852 2049 995 2081 familia-

322 2091 404 2124 riter
421 2103 506 2125 usus
526 2104 600 2126 esse
623 2093 665 2126 ab
683 2106 789 2138 eaque
810 2100 995 2127 consuetu-

324 2136 403 2169 dine
423 2139 573 2170 multum
597 2139 639 2171 ad
663 2140 864 2182 elegantiam
883 2140 995 2172 litera-

324 2193 399 2214 rum
423 2189 525 2226 atque
548 2195 685 2217 morum
707 2185 891 2227 profecisse
914 2185 995 2217 dici·

324 2232 380 2259 tur
402 2228 568 2270 1415,16.

276 2271 462 2309 Tiristasis,
486 2273 653 2316 oppidum
678 2274 842 2307 Thraciae
867 2286 885 2306 a
910 2275 993 2307 Dio-

324 2316 417 2359 pithe
436 2318 660 2361 subjugatum
685 2329 759 2362 159,
780 2330 829 2351 11.

275 2361 398 2400 Tisias,
441 2369 536 2405 pater
576 2364 699 2396 actoris
741 2365 775 2396 in
818 2364 993 2397 Calliclem

327 2416 424 2450 1273,
445 2417 475 2451 7·

274 2452 385 2485 Tisias
411 2453 655 2492 Acharnensis,
681 2454 807 2487 arbiter
831 2455 920 2487 inter
946 2455 992 2487 A-

322 2498 541 2540 pollodorum
564 2506 596 2532 et
616 2499 859 2533 Phormionem
884 2499 993 2533 delec-

322 2549 378 2575 tus
402 2554 498 2584 1104.
517 2555 548 2587 3.

274 2588 396 2626 Tisias,
418 2589 598 2632 Iphicratis
616 2590 719 2623 frater
736 2599 814 2634 534,
835 2601 888 2631 24.

274 2633 444 2666 Trecenti.
471 2646 503 2667 v.
526 2635 730 2668 Tercentum.

275 2678 497 2712 Tricaranum
524 2679 662 2713 Phliasii
683 2681 748 2713 sibi
774 2681 993 2714 vindicabant

324 2724 400 2763 206,
419 2724 450 2757 6.

276 2768 488 2812 Triphyliam
537 2770 609 2803 Elei
660 2771 724 2804 sibi
774 2771 995 2805 vindicabant

324 2814 401 2852 206,
421 2823 451 2857 5.

277 2858 442 2898 Troezen,
465 2860 630 2902 oppidum
655 2862 689 2894 in
715 2862 792 2894 sinu
811 2862 992 2905 AngolicO.

323 2915 362 2935 eo
381 2915 416 2937 se
433 2910 465 2937 et
484 2905 736 2940 Demosthenes
759 2908 857 2940 exsul
874 2908 993 2950 recipi-

492 95 659 131 INDEX
690 96 1009 132 HISTORICUS
1042 98 1098 133 IN
1130 98 1558 133 DEMOSTHENEM.

1106 187 1194 226 ebat,
1223 193 1255 220 et
1283 187 1418 220 dudum
1450 193 1528 220 ante
1560 188 1615 221 alii
1648 193 1778 231 tempe-

1106 239 1191 266 state
1232 233 1311 266 belli
1346 232 1473 266 Medici
1510 245 1546 266 se
1581 239 1779 277 receperant

1110 287 1208 322 1471,
1229 289 1282 322 23.

1059 324 1172 357 Troia.
1201 323 1411 357 Graecorum
1434 324 1481 357 ibi
1505 324 1639 357 labores
1665 323 1777 367 depri-

1106 375 1250 402 muntur
1267 370 1355 402 infra
1376 381 1429 403 res
1451 369 1494 402 ab
1513 369 1639 403 Athen.
1658 369 1777 403 adver-

1107 426 1166 448 sus
1182 414 1303 448 Persas
1318 421 1432 458 gestas
1448 426 1546 459 1392,
1558 425 1590 458 3.
1610 415 1708 459 1398,
1725 426 1737 448 1
1748 426 1776 448 1.

1059 460 1216 499 Tromes,
1243 460 1424 493 Aeschinis
1450 466 1556 504 pater,
1582 466 1620 493 ut
1647 461 1777 493 Demo-

1107 506 1245 538 sthenes
1278 517 1357 538 eum
1391 506 1561 549 appellat,
1588 505 1777 539 Aeschines

1106 551 1196 584 enim
1214 551 1286 595 ipse
1303 551 1523 584 Atrometum
1540 551 1609 584 edit
1628 559 1705 595 270,
1720 559 1751 595 7.

1059 597 1212 641 Tyranni
1241 608 1386 629 numero
1420 608 1465 640 30
1493 596 1639 630 Athenis
1673 608 1777 641 quam

1106 642 1287 685 pecuniam
1310 653 1328 674 a
1355 642 1634 675 Lacedaemoniis
1659 647 1777 675 mutu-

1105 699 1160 720 am
1194 688 1412 727 sumsissent,
1442 699 1517 720 eam
1550 688 1686 721 exsules
1716 687 1777 720 do-

1105 745 1202 766 murn
1230 733 1355 766 reversi
1386 733 1427 766 de
1454 744 1518 766 suo
1547 732 1778 766 refundebant

1104 779 1182 820 460,
1214 787 1265 820 15.
1304 790 1530 823 quaecunque
1564 779 1601 811 in
1636 777 1777 822 judiciis

1105 825 1174 857 sive
1203 824 1350 867 publicis
1380 824 1450 857 sive
1479 824 1619 868 privatis
1649 824 1776 857 consti-

1104 870 1262 908 tuissent,
1296 881 1378 913 pace
1411 869 1555 909 reddita,
1585 869 1712 903 abolita
1744 875 1778 903 et

1104 921 1255 958 peremta
1273 921 1355 948 sunt
1373 915 1450 959 718,
1469 926 1521 958 13.

1056 960 1209 1004 Tyranni
1233 960 1384 1000 Pheraei,
1403 972 1422 993 a
1445 960 1571 1005 quibus
1596 959 1775 1004 Philippus

1102 1005 1287 1039 Thessalos
1304 1006 1458 1039 liberavit
1476 1017 1531 1045 22,
1549 1006 1581 1039 8.

1058 1050 1239 1094 Xenippus
1260 1063 1279 1084 a
1297 1051 1492 1084 Mantitheo
1515 1050 1628 1084 editus
1650 1050 1777 1084 arbiter

1103 1097 1137 1129 in
1169 1107 1291 1129 caussa
1319 1096 1480 1136 nominis,
1507 1096 1568 1129 sed
1597 1108 1616 1129 a
1644 1096 1776 1130 Boeoto

1103 1142 1248 1186 rejectus
1270 1152 1368 1181 1021,
1387 1141 1438 1175 16.

1058 1187 1202 1225 Xennis,
1221 1187 1342 1220 ancilla
1359 1187 1511 1220 Neaerae
1532 1187 1630 1229 1386,
1648 1187 1681 1220 8.

1058 1233 1168 1271 Xeno,
1186 1232 1379 1265 foenerator
1396 1233 1475 1276 948,
1494 1232 1545 1265 16.

1058 1277 1275 1316 Xenoclides,
1290 1277 1524 1317 Atheniensis,
1538 1283 1648 1321 poeta,
1667 1283 1776 1311 artem

1102 1323 1137 1355 in
1162 1323 1368 1356 Macedonia
1390 1334 1550 1356 exercens
1575 1335 1594 1356 a
1616 1323 1777 1366 Philippo

1098 1369 1219 1412 jussus
1253 1375 1304 1401 est
1337 1368 1463 1401 finibus
1497 1369 1568 1401 suis
1597 1369 1775 1412 emigrare,

1105 1413 1198 1458 quod
1226 1414 1477 1457 Hegesippum,
1503 1419 1686 1453 oratorem,
1711 1413 1777 1457 ipsi

1103 1459 1279 1498 infestum,
1306 1459 1457 1503 hospitio
1483 1459 1671 1503 excepisset
1695 1468 1775 1503 447,

1108 1516 1159 1537 11.
1186 1505 1312 1538 amavit
1330 1505 1498 1538 Neaeram
1521 1514 1618 1548 1353,
1638 1516 1689 1546 14.
1715 1516 1778 1538 cur

1104 1550 1243 1583 infamia
1260 1551 1362 1584 fuerit
1382 1556 1521 1583 notatus
1539 1550 1622 1583 ibid.
1642 1550 1681 1583 16
1699 1561 1751 1594 sq.

1058 1596 1281 1639 Xenopithes,
1323 1596 1538 1629 Nausicratis
1587 1595 1690 1635 filius,
1739 1595 1776 1628 in

1104 1653 1206 1685 quem
1225 1641 1453 1674 Aristaechmi
1477 1641 1537 1674 filii
1558 1647 1668 1685 agunt
1689 1646 1774 1674 orat.

1104 1687 1182 1730 984.
1202 1686 1244 1719 ad
1263 1697 1340 1731 993.

1057 1732 1270 1775 Xenopithes
1293 1733 1387 1770 alter,
1412 1732 1511 1764 istius
1533 1738 1678 1775 patruus
1695 1731 1776 1776 986,

1104 1789 1158 1819 24.
1185 1789 1263 1821 991,
1282 1789 1333 1821 13.
1698 1823 1703 1827 .

1057 1822 1283 1866 Xenophron,
1313 1822 1487 1855 Phaedimi
1517 1822 1619 1862 filius,
1649 1834 1707 1867 qui
1740 1823 1776 1855 in

1103 1880 1248 1901 numero
1274 1879 1319 1911 30
1341 1875 1567 1912 tyrannorum
1592 1868 1715 1907 fuerat,
1737 1868 1775 1901 fi-

1102 1915 1181 1951 lius,
1200 1914 1405 1947 Aeschinem
1425 1925 1504 1946 cum
1524 1913 1662 1957 reliquis
1683 1914 1775 1957 lega-

1102 1960 1205 1992 tionis
1224 1960 1363 2003 collegis
1380 1959 1414 1991 in
1435 1958 1639 1992 Macedonia
1658 1958 1775 2002 hospi-

1102 2005 1149 2038 tio
1167 2005 1298 2048 excepit
1316 2015 1394 2046 402,
1414 2014 1464 2045 15.

1057 2050 1180 2083 Xerxis
1211 2051 1245 2083 in
1277 2050 1454 2083 Graeciam
1484 2049 1654 2094 expeditio
1676 2058 1774 2094 1377,

1106 2107 1117 2128 1
1130 2107 1156 2128 1.

1057 2140 1211 2179 Xuthus,
1230 2142 1424 2183 negotiator
1440 2140 1519 2179 816,
1540 2141 1593 2173 26.

1057 2186 1159 2225 Zelia,
1187 2183 1353 2229 oppidum
1382 2187 1483 2218 Asiae
1509 2186 1661 2225 minoris,
1682 2185 1774 2219 unde

1103 2231 1283 2264 Arthmius
1324 2232 1378 2264 ille
1420 2231 1537 2270 Zelita,
1576 2231 1646 2275 qui,
1680 2230 1773 2275 quod

1101 2288 1224 2309 aurum
1250 2276 1435 2309 Medorum
1458 2277 1590 2319 primus
1614 2277 1648 2308 in
1668 2276 1773 2309 Grae-

1101 2322 1187 2354 ciam
1205 2322 1386 2360 intulisset,
1405 2321 1481 2354 ideo
1499 2323 1711 2364 proscriptus
1730 2322 1773 2355 ab

1100 2366 1227 2399 Athen.
1246 2367 1309 2399 fuit
1331 2377 1405 2405 121,
1425 2376 1478 2410 27.

1055 2412 1159 2450 Zeno,
1181 2412 1371 2455 Phlyensis
1392 2412 1652 2456 Areopagiticus
1675 2423 1773 2445 sena-

1100 2463 1153 2489 tor
1172 2466 1249 2500 272,
1269 2467 1300 2500 5.

1055 2502 1287 2541 Zenothemis,
1325 2503 1517 2546 negotiator
1556 2514 1617 2536 seu
1657 2503 1773 2546 potius

1101 2553 1280 2584 veterator,
1317 2547 1566 2591 Syracusanus,
1600 2548 1635 2580 in
1669 2559 1773 2592 quern

1104 2593 1226 2631 Demo,
1252 2593 1496 2626 Demosthenis
1522 2598 1677 2636 patruus,
1704 2593 1773 2636 egit

1101 2649 1120 2670 a
1138 2650 1169 2680 p.
1189 2639 1267 2671 882.
1287 2638 1328 2670 ad
1350 2650 1381 2681 p.
1401 2639 1480 2681 891.

1055 2668 1172 2721 2111313,
1207 2684 1407 2716 muliercula
1438 2683 1526 2722 vilis,
1555 2695 1636 2726 erga
1668 2694 1773 2726 quam

1101 2729 1246 2770 turpiter
1261 2729 1435 2772 ingratum
1453 2728 1603 2772 prodidit
1616 2728 1772 2761 animum

1101 2773 1302 2817 Aristogito,
1321 2785 1424 2818 quem
1441 2785 1479 2806 ea
1501 2773 1584 2816 suga
1601 2785 1618 2806 e
1638 2784 1771 2806 carcere

1101 2819 1268 2861 elapsum,
1288 2830 1347 2862 per
1364 2819 1493 2863 aliquot
1511 2818 1594 2857 dies,
1609 2829 1673 2851 suo
1690 2829 1771 2850 cum

1101 2863 1264 2906 periculo,
1285 2865 1491 2898 occultasset
1513 2869 1614 2908 atque
1638 2873 1769 2897 servas—

1101 2914 1151 2941 set
1171 2909 1247 2951 787,
1266 2919 1317 2950 14.
