1935 3200
267 120 376 159 1420
640 120 1035 160 DECLAMATIO
1067 119 1400 159 AMATORIA.

328 238 445 279 1403,
480 237 544 279 29.
583 225 1120 279 περίβλεπτον-διατελεῖν]
1164 225 1322 264 Averte
1363 224 1532 264 verbum
1575 226 1771 263 διατελεῖν

258 282 449 335 junctum
465 286 509 321 et
529 281 735 334 adjectivo
757 286 799 321 et
819 281 1062 335 participio:
1096 281 1211 335 eujus
1229 279 1561 327 constructionis,
1581 278 1770 332 quamvis

264 337 354 377 aliis
386 352 532 390 parum
558 337 771 385 concinna,
794 337 885 377 aliis
915 352 966 377 ne
988 338 1149 378 Graeca
1171 336 1336 390 quidem
1356 336 1558 384 videatur,
1582 335 1772 388 exempla

265 393 422 446 passim
443 398 677 434 occurrunt.
716 394 975 434 Simillimum
997 393 1121 434 citavi
1144 394 1198 434 ad
1221 393 1393 446 Dionys.
1418 391 1556 432 Halic.
1578 392 1628 431 de
1651 391 1695 432 O.
1713 391 1767 430 V.

265 464 303 502 p.
326 461 418 489 202.
453 451 709 490 sCHAEF.

328 519 446 557 1404,
474 519 505 545 1.
528 508 647 559 παρὰ]
676 507 710 545 Ι.
733 521 771 560 q.
797 506 870 546 διά.
923 506 977 545 V.
1002 505 1198 545 Julianea
1218 520 1257 558 p.
1282 505 1319 544 8.
1353 505 1612 544 SCHAEF.

322 563 557 613 προαγαγὼν
590 561 714 616 ἥκεις]
754 563 839 602 Pro
879 562 1112 613 προήγαγες.
1164 568 1233 601 tua
1273 560 1483 614 de'le'glentia
1522 575 1562 600 eo
1599 558 1771 599 evexisti.

264 619 378 667 ἥκεις,
411 633 486 671 pro
508 633 589 672 quo
616 618 718 658 alias
746 618 948 670 τυγχάνεις
976 618 1133 658 dieunt.
1166 617 1356 657 WOLF.
1419 616 1591 656 Phrasis
1622 615 1771 655 decens

264 674 496 714 orationem
535 674 659 714 altius
700 679 938 729 surgentem
978 674 1155 727 ideoque
1200 673 1336 727 poetis
1376 673 1653 726 frequentata.
1716 671 1770 709 V.

265 730 497 769 Brunckius
518 731 573 770 ad
597 731 789 784 Sophoel.
814 730 991 770 Philoet.
1016 731 1107 769 181.
1142 730 1399 769 SCHAEF.

325 800 444 837 1404,
470 800 535 829 21.
567 788 738 840 φύσεως]
777 788 893 839 φύσις
919 790 994 826 τῶν
1016 789 1115 826 θεῶν
1136 788 1234 836 ἀξία,
1257 792 1405 825 nattam
1426 784 1608 824 divinam
1636 783 1772 836 aequi-

255 857 430 896 parans.
465 844 724 882 SCHAEF.

328 912 445 949 1404,
472 911 532 939 22.
571 899 851 952 ἀνυπονόητον]
884 898 1017 938 Nemo
1050 897 1296 952 suspicatur,
1331 897 1443 936 illum
1476 896 1653 936 colorem
1686 894 1773 948 pig-

264 955 416 995 mentis
437 954 671 1008 quaesitum
692 969 781 995 esse
803 969 874 994 seu
894 954 1113 995 t‘actitium.
1150 954 1351 993 REISK.
1399 952 1598 993 Similiter
1614 951 1655 990 in
1679 951 1772 990 Ind.

266 1011 524 1051 Graecitat.:
559 1012 716 1065 “eujus
751 1026 923 1051 caussae
955 1015 1053 1050 sunt
1089 1014 1210 1050 extra
1246 1009 1563 1063 suspicionem.''
1625 1007 1773 1047 Malim

264 1067 366 1107 haec
389 1072 574 1107 vertere:
605 1067 728 1107 mollis
747 1074 876 1107 autem
897 1066 1130 1106 σνιήιὶηἰόῑιε
1150 1065 1356 1106 obnoaeium
1389 1065 1647 1105 SCHAEF.

330 1134 446 1177 1405,
474 1136 507 1162 1.
541 1123 1244 1174 ἐφυλάξατο-ὥστε-καταστῆσαι]
1273 1122 1493 1162 Cavit—726
1521 1122 1604 1160 suci
1635 1119 1773 1172 culpii

267 1179 482 1231 —faceret.
544 1178 674 1219 Vides
696 1194 769 1218 cur
788 1178 972 1232 positum
994 1179 1048 1218 sit
1070 1178 1303 1229 ἐφυλάξατο.
1366 1178 1475 1217 Nam
1496 1177 1583 1230 ipse
1604 1175 1716 1223 deus,
1740 1174 1773 1214 si

265 1235 375 1274 solus
406 1239 636 1288 spectatur,
659 1234 804 1288 nequit
834 1234 915 1274 dici
946 1234 1214 1285 φυλάττεσθαι
1243 1236 1371 1285 κῆρας,
1394 1248 1420 1273 a
1441 1233 1590 1286 quibus
1612 1231 1776 1271 divinae

266 1295 443 1331 naturae
465 1291 565 1330 nihil
586 1291 853 1331 metuendum
876 1294 951 1330 est.
986 1290 1244 1329 SCHAEF.

327 1357 446 1401 1405,
468 1358 507 1400 5.
542 1351 617 1387 τῶν
648 1347 847 1402 ὀμμάτων]
885 1346 1070 1387 Subaudi
1105 1347 1230 1386 ὄντων
1262 1343 1585 1396 ἐπιφανεστάτων
1615 1358 1640 1384 a
1666 1357 1775 1382 00111-

264 1403 393 1442 muni.
428 1404 630 1443 REISK.

326 1470 446 1514 1405,
472 1470 507 1512 7.
539 1460 581 1499 τὸ
613 1458 830 1513 δαιμόνιον]
867 1459 898 1498 Ι.
922 1474 960 1512 q.
983 1460 1003 1498 ὁ
1026 1460 1124 1500 θεός.
1188 1458 1292 1498 Mox
1323 1472 1358 1496 v.
1387 1469 1447 1509 ¹3·
1480 1455 1669 1509 sequitur
1695 1456 1775 1495 ἐπι-

266 1517 401 1565 δείξας,
438 1515 591 1556 inflexa
629 1516 724 1567 πρὸς
758 1516 801 1555 τὸ
835 1516 1121 1565 σημαινόμενον
1154 1512 1475 1554 constructione.
1537 1512 1623 1552 Nec
1657 1510 1774 1565 quid-

267 1586 392 1624 quam
408 1571 548 1611 differt
568 1573 590 1621 ἡ
607 1573 703 1624 τύχη
725 1587 761 1611 v.
788 1583 853 1612 20.
887 1570 1029 1611 Minus
1049 1575 1247 1611 accurate
1271 1569 1505 1623 Lennepius
1525 1569 1580 1609 ad
1603 1567 1774 1608 Phalar.

266 1643 306 1681 p.
329 1641 424 1681 339.
460 1628 720 1667 SCHAEF.

330 1697 447 1737 1405,
476 1684 538 1723 18.
570 1685 760 1725 τοσαύτας
789 1684 1160 1733 ὑπεναντιώσεις-]
1194 1682 1243 1721 Id
1274 1686 1351 1730 est,
1374 1695 1468 1720 emn
1488 1680 1591 1721 vitia
1612 1679 1775 1720 virtuti-

267 1740 344 1779 bus
372 1740 563 1793 proxima
590 1740 696 1780 sint:
732 1740 840 1779 unde
868 1739 917 1779 fit
945 1743 992 1779 ut
1012 1739 1127 1778 100118
1147 1737 1458 1792 reprehensioni
1486 1736 1678 1777 facillime
1708 1736 1776 1775 de-

266 1801 349 1835 tur.
413 1796 524 1835 Hinc
556 1800 653 1835 sunt
682 1796 751 1835 illa
772 1795 984 1836 Ciceronis
1015 1795 1057 1834 in
1090 1793 1397 1835 Partitionibus
1423 1793 1473 1833 de
1504 1792 1695 1833 cavendis
1727 1791 1776 1831 iis

266 1851 390 1899 vitiis,
434 1867 538 1906 quae
576 1851 774 1892 virtutem
807 1851 999 1891 videntur
1031 1850 1209 1891 imitari:
1251 1856 1274 1872 “
1292 1850 1399 1890 Nam
1434 1854 1477 1889 et
1509 1848 1775 1902 prudentiam

270 1908 445 1961 (inquit)
487 1908 658 1955 malitia,
701 1913 743 1948 et
777 1907 1098 1961 temperantiam
1139 1906 1378 1946 immanitas
1419 1905 1460 1945 in
1492 1904 1776 1958 voluptatibus

267 1965 550 2018 aspernandis,
583 1969 625 2004 et
655 1964 983 2018 magnitudinem
1016 1963 1140 2003 animi
1172 1962 1366 2016 superbia
1399 1962 1441 2001 in
1467 1961 1616 2001 animis
1647 1960 1777 2000 extol-

268 2020 398 2060 lendis
430 2026 472 2061 et
501 2021 772 2074 despicientia
800 2020 841 2059 in
870 2019 1182 2060 contemnendis
1210 2018 1452 2065 honoribus,
1481 2022 1524 2057 et
1555 2016 1776 2057 liberalita-

269 2082 355 2116 tem
385 2076 538 2125 effusio,
563 2082 605 2117 et
632 2077 920 2117 fortitudinem
948 2076 1122 2116 audacia
1148 2075 1350 2123 imitatur,
1374 2079 1416 2114 et
1437 2073 1683 2127 patientiam
1704 2073 1776 2112 du-

269 2132 366 2172 ritia
396 2133 598 2179 immanis,
628 2138 671 2172 et
697 2132 907 2185 justitiam
934 2132 1154 2179 acerbitas,
1184 2136 1226 2172 et
1254 2131 1493 2184 religionem
1521 2128 1777 2183 superstitiO,

270 2193 313 2228 et
343 2188 557 2228 lenitatem
590 2189 764 2228 mollitia
797 2187 937 2235 animi,
971 2192 1014 2227 et
1041 2187 1329 2227 verecundiam
1358 2185 1573 2233 timiditas,
1596 2189 1638 2225 et
1666 2184 1776 2224 illam

269 2243 509 2297 disputandi
550 2244 814 2297 prudentiam
850 2243 1106 2283 concertatio
1152 2242 1422 2296 captatioque
1461 2242 1692 2289 verborum,
1734 2245 1777 2280 et

270 2300 375 2339 hanc
426 2299 652 2339 oratoriam
694 2299 775 2338 vim
826 2299 960 2338 inanis
1004 2299 1207 2352 quaedam
1257 2297 1507 2351 profluentia
1555 2297 1773 2350 loquendi:

270 2355 419 2395 studiis
452 2361 591 2395 autem
630 2355 749 2395 bonis
786 2354 935 2395 similia
965 2354 1158 2395 videntur
1193 2370 1253 2404 ea,
1292 2368 1396 2407 quae
1424 2358 1521 2393 sunt
1557 2353 1598 2392 in
1632 2353 1776 2392 eodem

269 2427 419 2465 genere
443 2411 609 2451 nimia.”
644 2411 827 2451 WOLF.

336 2482 410 2518 ¹40
413 2479 451 2522 5,
478 2482 540 2508 21.
574 2469 704 2518 ὥσπερ
724 2468 841 2519 εὐχὴν
863 2466 1117 2520 ἐπιτελοῦσα]
1154 2467 1277 2516 Quasi
1305 2467 1460 2520 sz'ynum
1482 2465 1646 2519 aliquod
1655 2466 1779 2519 φανή-

269 2525 374 2563 ciens
393 2539 411 2562 e
432 2531 514 2563 voto
535 2524 811 2571 ‹leda-andum,
834 2528 907 2563 aut
929 2537 976 2562 ac
995 2523 1030 2562 si
1049 2523 1203 2576 siynzcm
1229 2523 1393 2576 aliquod
1416 2522 1655 2576 perfecisset,
1677 2520 1782 2575 quod

271 2579 337 2619 rille
367 2579 442 2619 sibe?
477 2596 503 2619 a
525 2581 700 2632 fortuna
726 2580 870 2633 perfici
903 2585 936 2618 et
968 2578 1166 2618 elaborari
1198 2579 1294 2618 ‘rotis
1326 2579 1513 2632 conceptis
1534 2576 1776 2630 flaqitasset.

272 2635 468 2675 REISK.
504 2635 757 2689 Simpliciter
778 2640 891 2675 verte
911 2651 918 2674 :
952 2642 1140 2688 tanquam
1163 2641 1290 2674 volema
1312 2634 1491 2688 implens.
1526 2632 1774 2673 SOHAEF.

333 2702 452 2745 1405,
480 2694 543 2731 26.
577 2692 843 2744 ἐπαινοῦντες]
883 2691 988 2730 Post
1015 2693 1260 2731 ἐπαινοῦντες
1280 2695 1354 2730 aut
1377 2690 1485 2730 cirea
1505 2689 1647 2729 deesse
1669 2688 1777 2727 vide-

272 2753 341 2787 tur
376 2765 410 2786 τι
442 2753 517 2787 aut
566 2752 677 2787 τοῦτο
712 2749 847 2797 μόνον.
888 2747 988 2786 lianc
1025 2747 1146 2786 solam
1182 2751 1342 2786 tuarum
1381 2746 1547 2785 [wadum
1578 2744 1776 2784 REISK.

278 2804 407 2842 Immo
433 2804 647 2857 jungenda
680 2805 792 2843 οὐδὲν
832 2807 907 2843 τῶν
941 2804 1166 2854 προσόντων
1204 2819 1278 2841 σοι.
1330 2806 1450 2842 lotam
1484 2800 1587 2855 quod
1619 2799 1692 2840 tibi
1726 2806 1778 2839 est

260 2860 528 2910 βἵὶὶνηιοειῚαίἱε
549 2860 661 2899 (leons
681 2859 930 2899 laudandum
950 2857 1056 2898 nobis
1078 2858 1288 2897 videar-etmn
1324 2857 1572 2897 SCHAEF.

338 2917 452 2965 1406,
482 2929 514 2954 ,1.
549 2916 606 2968 ἧς]
644 2915 787 2955 Malim
818 2917 887 2965 ἤι·;
923 2929 1018 2955 nam
1052 2929 1143 2954 cum
1176 2913 1412 2955 accusativo
1444 2911 1709 2960 construitur,
1744 2911 1777 2950 si
