1935 3200
300 129 401 166 1462

342 231 396 264 vel
415 230 528 274 potius
547 241 616 274 quo
634 228 871 273 imprudentes
888 229 1019 261 inesca-

342 282 403 316 ret,
432 276 572 320 sopiret,
595 282 733 319 torpore
759 281 862 318 atque
892 274 1019 308 securi·

341 328 410 355 tate
434 326 631 355 occoecaret
656 326 758 365 atque
781 320 845 354 sibi
869 319 1020 353 obstrin-

340 373 447 411 geret,
467 368 532 401 sub
551 367 649 400 initia
672 367 771 411 regni
796 366 851 400 sui
869 365 1021 399 donabat

344 422 398 457 70,
415 422 469 458 27.

294 459 411 499 Antia,
430 460 591 492 meretrix
613 467 711 503 1351,
730 470 782 500 14.

294 505 532 545 Antidoridas,
556 505 708 538 Neaerae
731 505 835 543 filius,
858 504 917 548 qui
942 514 1020 537 eur-

343 563 456 584 sorem
475 550 576 584 stadii
594 550 717 595 agebat
738 549 838 594 1386,
855 561 907 583 10.

295 597 489 631 Antidorus
520 598 555 630 in
584 597 783 641 exemplum
815 595 1021 640 proponitur

342 655 475 683 eorum,
509 643 636 688 quibus
670 643 812 687 pupillis
846 653 928 685 opes
961 652 1021 684 per

342 695 499 723 tutorum
532 688 637 722 fidem
670 695 773 734 atque
813 687 1021 721 industriam

342 736 531 769 crevissent
549 735 611 779 831
633 746 711 778 pen.

296 782 499 826 Antigenes,
535 792 654 814 servus
701 780 902 814 Pantaeneti
941 787 1020 823 973,

346 828 399 861 28.

295 873 539 913 Antimachus,
551 872 725 906 Timothei
743 877 905 917 quaestor
922 883 934 904 1
945 870 1020 910 186,

344 930 398 953 20.
423 919 556 962 judicio
580 919 701 963 populi
725 924 835 952 morte
853 918 1021 951 multatus

346 966 445 1010 1187,
468 977 520 999 10.
559 965 739 998 facultates
769 964 855 1008 ejus,
883 969 1022 996 auctore

344 1011 554 1050 Callistrato,
584 1011 678 1044 fuere
703 1010 908 1044 confiscatae
935 1018 1020 1052 1197

343 1069 421 1101 pen.

296 1103 539 1141 Antimachus,
574 1103 665 1136 filius
695 1102 919 1140 Archestrati,
953 1108 1021 1134 tra-

342 1150 483 1193 pezitae,
510 1149 617 1182 homo
646 1149 681 1182 in
708 1160 744 1181 re
770 1148 928 1181 familiari
961 1159 1022 1180 an-

343 1201 446 1239 gusta
464 1196 543 1239 958,
564 1206 615 1228 10.

296 1241 506 1281 Antiochus,
526 1241 616 1274 filius
635 1240 809 1279 Herculis,
828 1251 1021 1283 eponymus

343 1287 456 1320 tribus
474 1286 764 1320 Antiochidarum
786 1297 884 1329 1399,
905 1294 935 1329 7.

296 1332 490 1376 Antipater,
509 1333 639 1366 amicus
665 1338 698 1365 et
715 1332 918 1365 administer
942 1331 1023 1364 Phi-

343 1379 427 1423 lippi
462 1381 573 1423 (pater
604 1378 807 1414 Cassandri)
842 1376 908 1421 362
943 1389 1022 1420 pen.

343 1425 417 1469 ejus
447 1425 576 1458 mentio
604 1425 641 1458 fit
670 1436 730 1468 per
758 1435 917 1457 caussam
944 1423 1023 1456 belli

345 1470 496 1504 Lamiaci
518 1482 616 1515 1491,
636 1480 668 1512 5.
687 1482 740 1514 ep.
756 1470 787 1503 6.

297 1517 480 1561 Antipater
499 1516 660 1550 Citiensis
679 1527 758 1561 933,
779 1527 833 1560 23.

297 1563 515 1607 Antiphanes
536 1562 772 1606 Lamptrensis
795 1562 893 1601 1188,
913 1572 964 1605 19.

296 1609 498 1653 Antiphilus
513 1609 743 1647 Halimusius,
760 1607 944 1641 Eubulidis
963 1618 1022 1650 pa-

343 1662 405 1694 ter,
435 1666 517 1688 curn
546 1655 636 1688 demi
666 1666 727 1687 seu
760 1653 940 1696 municipii
969 1653 1022 1686 sui

343 1701 509 1745 magister
532 1706 632 1740 esset,
659 1699 811 1744 fingebat
837 1699 902 1733 sibi
929 1698 1023 1732 codi-

344 1758 418 1780 cem
436 1746 683 1780 lexiarchicum
708 1746 847 1790 perisse,
867 1756 935 1790 quo
954 1750 1023 1777 tec-

344 1793 412 1826 tius
430 1798 532 1837 atque
550 1793 659 1825 tutius
678 1792 876 1835 peregrinos
894 1802 1022 1824 merce-

345 1838 424 1871 dem
452 1850 574 1882 operae
601 1838 721 1871 dantes
755 1838 791 1870 in
824 1837 943 1870 album
970 1837 1022 1869 in-

346 1884 520 1924 scriberet,
547 1885 711 1923 insontes,
730 1883 832 1922 cives,
859 1889 918 1916 aut
943 1894 1023 1916 exo-

346 1942 402 1964 sos
429 1930 506 1970 sibi,
525 1936 584 1963 aut
602 1929 781 1974 cupiditati
799 1941 880 1962 suae
898 1940 1023 1972 repug-

345 1982 480 2016 nantes,
498 1982 711 2020 expungeret
733 1974 830 2019 1306,
848 1986 901 2008 22.
925 1983 1022 2018 1317,

350 2031 402 2066 17.

300 2068 502 2112 Antiphilus
521 2068 740 2102 Paeaniensis
758 2076 836 2111 549,
854 2078 907 2100 22.

300 2114 513 2157 Antiphilus,
533 2114 648 2147 nescio
674 2114 744 2158 qui,
763 2125 867 2158 quem
894 2114 1023 2146 Demo-

347 2159 485 2193 sthenes
504 2160 647 2203 epistola
664 2160 785 2192 ultima
802 2170 901 2203 1491,
918 2170 948 2192 2.
980 2159 1025 2191 ait

346 2205 461 2238 literas
490 2206 532 2238 ad
559 2205 750 2238 foederatos
778 2205 813 2237 in
840 2205 930 2238 bello
960 2204 1024 2237 La-

346 2251 457 2284 miaco
475 2251 619 2284 dedisse.

301 2296 469 2340 Antipho,
493 2297 551 2341 qui
577 2296 655 2329 albo
681 2296 808 2328 civium
835 2295 1024 2328 Athenien-

348 2342 437 2376 sium
456 2348 650 2385 expunctus
669 2341 711 2374 ad
731 2341 929 2384 Philippum
948 2352 1023 2383 per-

347 2388 448 2432 fugit,
468 2388 523 2421 cui
548 2388 675 2431 recepit
698 2387 817 2419 navale
835 2386 1024 2419 Athenien-

348 2434 439 2466 sium
456 2433 713 2467 incendendum
732 2441 809 2476 271,
827 2440 857 2476 7.

302 2480 455 2517 Antissa,
474 2479 641 2524 oppidum
661 2478 763 2512 Lesbi
782 2489 859 2521 213,
879 2489 929 2521 19.
957 2477 1025 2510 11110

348 2525 528 2559 secedebat
560 2525 748 2568 Iphicrates
776 2524 897 2557 videns
931 2529 963 2556 et
990 2524 1025 2556 in

347 2571 494 2605 Thracia
519 2571 633 2615 Cotyn
660 2570 723 2603 sibi
749 2569 914 2608 insidiari,
933 2575 965 2602 et
991 2569 1024 2601 in

348 2618 495 2661 patriam
506 2617 599 2650 haud
612 2622 725 2661 patere
738 2615 886 2649 reditum
902 2614 980 2656 664,
994 2626 1023 2647 2.

301 2663 526 2696 Antisthenes
545 2663 709 2707 trapezita
727 2671 806 2706 957,
822 2672 876 2702 24.

303 2709 439 2742 Antron
469 2715 501 2742 et
531 2709 565 2741 in
596 2710 685 2752 plur.
713 2708 901 2746 Antrones,
928 2706 1025 2750 oppi-

349 2754 433 2788 dum
468 2755 640 2793 Euboeae,
669 2753 862 2798 proditione
892 2764 911 2785 a
945 2752 1025 2785 Phi-

348 2801 442 2844 lippo
472 2806 611 2844 captum
638 2811 712 2843 133,
738 2799 792 2833 26.
841 2798 897 2832 Sic
925 2798 1024 2831 scho-

348 2847 475 2879 liastes.
516 2846 644 2879 Verum
662 2846 846 2879 'rom-ellus
864 2845 899 2877 in
916 2844 946 2877 T
949 2844 1024 2877 hes-

350 2892 431 2924 salia
449 2893 601 2925 collocat.

303 2937 502 2979 Apaturius,
532 2938 724 2982 negotiator
756 2936 956 2981 Byzantius,
990 2936 1025 2968 in

783 127 953 163 INDEX
988 124 1309 162 HISTORICUS

1124 237 1228 269 quem
1246 226 1419 260 invehitur
1437 226 1545 259 oratio
1563 237 1596 269 p.
1610 226 1675 269 892
1695 237 1745 270 sq.

1077 271 1230 315 Apharei
1270 283 1393 305 caussa
1425 271 1590 305 adversus
1618 271 1801 315 Theophe-

1123 328 1222 350 mum
1244 318 1343 360 1148,
1361 317 1413 351 16.
1437 328 1536 359 1240,
1552 317 1584 350 8.
1616 324 1618 326 ’

1077 362 1253 407 Aphidna,
1274 375 1385 408 pagus
1412 363 1561 403 Atticus,
1579 362 1622 395 ad
1652 373 1716 396 120
1733 367 1801 396 sta-

1124 408 1181 441 dia
1197 410 1239 443 ab
1258 410 1343 443 urbe
1363 410 1440 453 238,
1458 409 1511 442 18.

1077 454 1297 498 Aphobetus,
1322 456 1427 488 frater
1449 454 1631 488 Aeschinis
1652 465 1720 496 414
1738 455 1800 488 ult.

1123 507 1196 534 erat
1228 501 1516 546 ὑπογραμματεὺς,
1546 505 1707 543 exceptor
1741 511 1802 533 seu

1123 547 1443 581 commentariensis
1457 546 1588 580 ordinis
1607 545 1802 579 secundarii

1123 603 1202 637 415,
1221 605 1252 637 3-

1077 636 1262 680 Aphobus,
1291 651 1308 672 e
1334 638 1509 672 tutoribus
1540 637 1800 678 Demosthenis,

1124 697 1226 729 quem
1247 685 1501 719 Demosthenes
1519 685 1652 718 actione
1674 684 1801 717 tutelae

1123 731 1280 775 improbe
1305 737 1338 764 et
1357 731 1525 775 flagitiose
1548 736 1664 774 gestae
1690 730 1800 763 insec-

1123 783 1215 811 tatus
1233 784 1285 811 est
1302 789 1321 810 a
1346 789 1378 821 p.
1398 778 1477 821 813.
1495 776 1539 809 ad
1565 788 1598 820 p.
1618 776 1696 810 880.
1715 776 1801 809 tanti

1125 823 1309 857 damnatus
1327 829 1389 863 est,
1408 823 1528 868 quanti
1547 821 1801 855 Demosthenes

1123 870 1218 903 litem
1244 870 1491 908 aestimaverat,
1509 868 1544 901 h.
1561 880 1590 902 e.
1610 868 1728 901 decem
1750 873 1800 900 ta-

1123 917 1245 956 lentis;
1287 915 1322 949 id
1356 914 1449 959 quod
1482 915 1611 958 passim
1643 915 1801 947 locorum

1123 962 1319 995 orationum
1352 962 1388 994 in
1413 960 1605 1004 Aphobum
1631 959 1802 993 dictarum

1124 1008 1221 1041 tertia
1244 1019 1307 1052 pro
1326 1007 1446 1041 Phano
1466 1007 1631 1050 inscripta
1655 1011 1802 1039 testatur

1124 1066 1156 1097 p.
1173 1055 1240 1095 844
1254 1065 1304 1098 sq.
1339 1058 1411 1086 erat
1428 1053 1457 1086 ei
1476 1052 1566 1085 filius
1584 1051 1802 1096 cognominis

1124 1100 1204 1141 845,
1226 1111 1278 1141 14.
1308 1105 1379 1132 erat
1398 1098 1627 1131 Demostheni
1644 1108 1801 1130 necessa-

1125 1146 1206 1185 rius,
1234 1152 1272 1179 ut
1297 1145 1352 1178 hic
1378 1145 1507 1188 passim
1525 1149 1680 1178 testatur.
1715 1143 1804 1177 θεῖος

1125 1192 1197 1235 ejus
1216 1192 1407 1236 appellatur
1426 1191 1539 1224 Demo
1557 1190 1635 1233 850,
1654 1199 1706 1231 15.
1737 1189 1806 1222 At-

1124 1238 1183 1282 qui
1202 1238 1315 1271 Demo
1333 1236 1425 1270 idem
1451 1235 1698 1269 Demosthenis
1717 1246 1802 1279 quo-

1124 1295 1191 1328 que
1209 1283 1297 1318 θεῖος
1314 1289 1396 1316 erat.
1448 1281 1584 1318 Quodsi
1602 1292 1683 1325 ergo
1701 1292 1802 1314 voca—

1124 1329 1247 1363 bulum
1265 1329 1330 1362 1100
1342 1333 1503 1373 patruum
1525 1327 1560 1361 h.
1578 1328 1601 1361 1.
1621 1327 1803 1371 significat,

1125 1387 1263 1409 necesse
1286 1380 1338 1408 est
1360 1380 1399 1408 ut
1417 1374 1558 1418 Aphobi
1583 1380 1681 1417 pater
1699 1373 1804 1406 frater

1125 1422 1227 1455 fuerit
1255 1420 1502 1454 Demosthenis
1533 1419 1689 1459 senioris,
1716 1420 1802 1463 ejus,

1126 1468 1185 1512 qui
1226 1467 1370 1501 oratoris
1409 1472 1504 1510 pater
1540 1466 1616 1499 fuit.
1671 1465 1803 1498 Verum

1126 1514 1214 1548 θεῖος
1236 1514 1434 1547 avzmczclum
1456 1524 1594 1557 quoque
1622 1511 1803 1555 significat.

1129 1559 1265 1596 Quodsi
1299 1570 1381 1603 ergo
1416 1559 1529 1591 Demo
1563 1557 1667 1597 idem,
1701 1569 1804 1603 quem

1129 1605 1375 1639 Demosthenis
1397 1604 1541 1637 oratoris
1567 1609 1730 1646 patruum
1750 1603 1804 1637 fu-

1127 1652 1194 1685 isse
1220 1657 1366 1691 constat,
1392 1650 1532 1694 Aphobi
1557 1650 1623 1683 fuit
1650 1661 1806 1683 avuncu-

1127 1699 1193 1738 lus,
1220 1709 1359 1731 necesse
1386 1702 1437 1729 est
1463 1702 1502 1729 ut
1528 1702 1637 1729 mater
1665 1696 1806 1740 Aphobi

1128 1756 1224 1778 soror
1258 1744 1360 1777 fuerit
1398 1742 1645 1775 Demosthenis
1679 1742 1804 1775 senior.

1129 1803 1189 1825 seu
1207 1789 1350 1823 oratoris
1370 1794 1491 1832 patrna
1508 1789 1587 1831 854,
1603 1799 1655 1821 12.

1083 1837 1260 1883 Apolexis,
1296 1835 1521 1878 Prospaltius,
1556 1840 1651 1878 pater
1687 1833 1806 1866 matris

1132 1882 1324 1919 Macartati,
1342 1881 1377 1913 in
1396 1892 1496 1925 quem
1516 1881 1573 1913 illa
1590 1880 1698 1913 oratio
1716 1879 1807 1913 dicta

1129 1935 1181 1963 est
1203 1927 1301 1965 1066,
1318 1938 1346 1960 1.
1369 1937 1467 1970 1072,
1483 1926 1514 1959 6.

1084 1975 1259 2020 Apolexis,
1278 1973 1369 2006 idem
1387 1972 1531 2005 fortasse
1553 1983 1565 2005 1
1580 1982 1651 2011 120,
1665 1980 1719 2016 27.

1084 2020 1330 2066 Apollodorus,
1358 2018 1514 2052 Pasionis
1542 2018 1644 2057 filius,
1674 2016 1806 2050 Achar-

1130 2066 1259 2105 nensis,
1283 2076 1405 2098 caussa
1432 2064 1597 2097 adversus
1626 2063 1807 2096 Phormio-

1130 2124 1209 2147 nem
1234 2112 1281 2144 ita
1306 2110 1438 2149 cecidit,
1457 2115 1496 2143 ut
1519 2110 1593 2154 ipsa
1620 2121 1681 2153 pro
1700 2121 1735 2143 se
1756 2108 1807 2142 di-

1131 2158 1229 2192 cendi
1264 2157 1361 2200 copia
1394 2162 1557 2200 sextaque
1597 2156 1665 2188 litis
1706 2155 1806 2188 aesti-

1129 2210 1241 2237 matae
1271 2208 1366 2246 parte
1396 2202 1600 2235 multaretur
1633 2212 1731 2244 1103,
1754 2209 1807 2244 15,

1129 2251 1205 2283 lites
1235 2249 1307 2292 ejus
1343 2259 1422 2280 cum
1453 2247 1663 2280 Phormione
1689 2247 1807 2279 multis

1130 2299 1333 2328 enarrantur
1350 2293 1385 2326 in
1406 2298 1490 2326 orat.
1517 2304 1579 2336 pro
1598 2292 1808 2326 Phormione

1131 2353 1197 2384 944
1232 2352 1282 2384 sq.
1328 2339 1455 2371 multas
1492 2338 1577 2371 dixit
1618 2349 1808 2382 gravesque

1131 2397 1270 2420 caussas
1298 2391 1357 2418 aut
1384 2385 1420 2417 in
1453 2384 1548 2423 alios,
1577 2390 1636 2417 aut
1669 2395 1732 2427 pro
1760 2395 1807 2423 se,

1131 2444 1216 2476 quas
1250 2442 1371 2464 omnes
1407 2431 1578 2463 orationes
1614 2430 1643 2463 ei
1678 2430 1809 2463 Demo-

1131 2478 1269 2511 sthenes
1300 2476 1514 2519 conscripsit,
1545 2482 1583 2509 ut
1611 2475 1697 2509 duas
1730 2487 1808 2519 gra-

1131 2524 1288 2556 vissimas
1309 2522 1356 2555 rei
1375 2522 1527 2565 capitalis
1553 2533 1616 2565 pro
1634 2533 1670 2554 se
1687 2521 1807 2554 adver-

1132 2581 1190 2603 sus
1211 2568 1439 2611 Stephanum,
1451 2579 1536 2612 quas
1555 2574 1670 2600 tamen
1687 2567 1808 2610 effugit

1136 2616 1234 2659 1348,
1249 2625 1302 2647 20.
1347 2614 1377 2646 A
1395 2626 1427 2657 p.
1445 2623 1543 2657 1350,
1559 2625 1590 2657 9.
1610 2613 1682 2656 ipse
1700 2612 1808 2656 Apol-

1131 2661 1273 2694 lodorus
1322 2671 1480 2692 caussam
1526 2671 1625 2703 agere
1667 2658 1807 2701 incipit:

1131 2707 1211 2739 item
1249 2707 1282 2739 in
1320 2705 1544 2738 Timotheum
1585 2717 1617 2748 p.
1645 2715 1728 2737 1101
1756 2715 1806 2748 sq.

1132 2753 1165 2785 in
1195 2752 1369 2795 Polyclem
1400 2750 1486 2784 1206
1513 2762 1563 2795 sq.
1598 2761 1660 2794 pro
1682 2760 1809 2782 corona

1132 2810 1194 2831 sua
1223 2797 1442 2831 trierarchica
1471 2797 1556 2829 1228
1578 2808 1630 2840 sq.
1665 2795 1700 2828 in
1729 2794 1808 2827 Cal-

1130 2845 1262 2887 lippum
1298 2852 1384 2886 1235
1412 2854 1463 2887 sq.
1506 2843 1542 2875 in
1570 2841 1808 2874 Nicostratum

1135 2890 1220 2931 1246
1240 2901 1290 2933 sq.
1325 2889 1390 2922 fuit
1408 2888 1502 2921 dives
1525 2887 1622 2926 1208,
1640 2886 1693 2919 26.
1728 2885 1807 2918 trie-

1131 2936 1273 2968 rarchus
1293 2935 1328 2967 in
1355 2935 1635 2977 Peloponnesum
1661 2932 1808 2965 mittitur
