1935 3200
292 141 402 181 1446
873 141 1220 183 EPISTOLAE.

348 246 471 295 1466,
498 257 511 283 1
526 258 559 283 1.
585 245 749 298 ἐκείνου]
773 244 877 286 Post
899 246 938 285 h.
962 262 996 286 v.
1020 247 1183 287 videtur
1204 248 1268 286 ὅτε
1290 247 1351 287 vel
1373 247 1503 287 simile
1525 248 1623 301 quid
1644 249 1800 289 deesse.

283 302 407 341 Nemo
435 301 572 354 iyitm,
595 314 633 341 eo
660 300 824 349 sublam,
846 316 934 342 omn
953 303 1129 354 fortuna
1156 310 1335 356 quaerat,
1358 302 1588 355 qm'buscmn
1615 305 1658 343 in
1677 312 1801 358 poste-

286 371 377 396 rum
407 362 489 404 stet,
523 356 636 409 (quos
666 371 731 396 vos
761 371 836 397 esse
864 361 1038 412 oportet.)
1073 359 1257 413 ducesque
1288 359 1571 399 constituite-2
1604 360 1800 400 REISK.

287 412 387 452 Alia
436 412 545 452 ratio
586 413 790 452 vinciendi
834 414 934 454 haec
977 415 1185 455 Lalnbino
1235 415 1403 468 placuit.
1464 416 1519 454 V.
1560 422 1646 456 not.
1687 431 1802 470 sequ.

288 469 549 508 SCHAEF.

346 526 468 574 1466,
503 537 562 564 12.
587 524 645 578 τε]
670 525 714 574 δὴ
735 539 879 580 margo
902 526 1170 566 Lutetianae.
1205 527 1406 567 REISK.
1449 544 1490 567 τε
1512 527 1556 578 δὴ
1578 528 1799 582 Sauppius.

345 583 465 632 1467,
494 594 527 620 Ι.
570 584 666 620 κατὰ
706 585 782 621 τῶν
823 581 1325 636 νικητηρίων-εὐξάμενοι]
1355 583 1413 623 Et
1448 583 1513 623 hio
1548 584 1801 624 sententiam

285 636 424 690 potius
455 651 580 690 quam
609 637 735 677 verba
766 642 930 678 secutus
962 637 1092 678 verti:
1125 639 1221 678 votis
1243 653 1322 692 pro
1352 639 1518 679 victoria
1547 641 1798 693 nuncupatis.

290 693 480 733 WOLF.
541 692 674 732 Recte
712 692 1017 747 interpretatur
1052 693 1194 734 Reisk.
1227 695 1268 734 in
1306 695 1396 734 Ind.
1430 695 1658 735 Graecitat.
1721 696 1802 736 Est

286 749 311 788 i.
335 764 375 802 q.
398 751 445 788 τὰ
473 748 864 799 νικητήρια-θύσειν
894 750 1106 800 εὐξάμενοι.
1171 750 1421 791 Plutarchus
1443 751 1496 790 V.
1522 750 1649 791 Marii
1676 765 1709 791 c.
1735 754 1801 794 26.

286 807 426 855 ηὔξατο
448 809 529 846 τοῖς
551 808 653 846 θεοῖς
683 807 778 845 κατὰ
808 808 1035 856 ἑκατόμβης.
1078 806 1147 846 ubi
1170 808 1309 847 confer
1330 821 1435 860 quae
1460 807 1603 847 statim
1624 821 1802 860 sequun-

287 865 370 901 tur.
432 860 682 900 Eustathius
710 861 764 900 ad
793 862 940 916 Odyss.
962 877 1002 915 p.
1025 874 1148 915 1454,
1170 876 1235 915 29.
1257 864 1315 903 ὅτι
1343 865 1384 902 δὲ
1411 863 1454 902 τὸ
1476 865 1587 915 χίλια
1613 864 1687 912 ζῶα
1710 865 1801 904 ὑπο-

288 916 457 969 σχέσθαι
490 918 585 956 κατὰ
615 917 755 969 χιλίων
787 919 971 968 εὔξασθαι
1002 919 1199 970 ἐφράζετο,
1233 922 1395 969 δηλοῦσι
1430 919 1588 971 χρήσεις
1623 922 1799 960 παλαιαί.

288 975 384 1013 οὕτω
407 975 461 1019 δὲ,
486 973 534 1014 ὡς
556 973 669 1019 εἰκὸς,
694 974 754 1012 καὶ
777 976 872 1013 κατὰ
894 973 1031 1013 ἑκατὸν
1051 979 1159 1024 βοῶν
1183 976 1243 1015 καὶ
1263 979 1422 1015 λοιπῶν.
1474 975 1725 1016 Scholiastes
1746 976 1801 1016 ad

290 1028 480 1082 Euripid.
516 1027 731 1068 Phoeniss.
762 1031 880 1079 1416.
910 1029 1058 1070 Valck.
1097 1032 1178 1070 an'
1211 1032 1426 1081 ἑκατόμβης
1464 1033 1613 1083 ἀνδρῶν
1647 1033 1801 1082 ηὔξατο.

290 1085 359 1124 ubi
391 1100 426 1124 v.
454 1084 768 1124 Valckenarius.
804 1085 1055 1126 SOHAEF.

810 1256 1184 1302 EPISTOLA
1224 1257 1288 1301 II.

354 1371 473 1422 1467.
503 1370 987 1423 HEPI—KAQOAO'T]
1022 1367 1273 1419 Δημοσθένης
1305 1370 1346 1408 ἐν
1377 1368 1420 1423 τῇ
1452 1369 1539 1419 περὶ
1569 1370 1635 1418 τῆς
1667 1370 1805 1409 ἑαυτοῦ

294 1425 458 1465 καθόδου
481 1427 668 1481 ἐπιστολῇ
692 1425 1005 1479 Harpocration
1027 1440 1058 1465 s.
1082 1440 1118 1465 v.
1144 1425 1359 1476 Καλαυρία.

354 1483 473 1533 1467,
504 1495 534 1521 1.
568 1485 689 1533 μηδὲν
724 1484 821 1532 ὑμᾶς
856 1482 1015 1533 ἀδικῶν]
1053 1482 1108 1521 Ut
1140 1482 1252 1534 cajus
1285 1480 1419 1520 nullae
1453 1480 1495 1519 in
1530 1494 1593 1520 vos
1627 1480 1806 1533 injuriae

292 1543 422 1577 essent.
462 1540 582 1589 μηδὲν
617 1538 800 1592 positum
836 1542 899 1578 est
934 1539 986 1577 ob
1020 1536 1371 1577 constructionem
1406 1536 1629 1590 obliquam.
1670 1537 1806 1577 οὐδὲν

291 1595 390 1644 ὑμᾶς
412 1595 552 1634 ἀδικῶν
573 1599 729 1634 τοιαῦτα
750 1594 925 1634 πέπονθα
945 1609 985 1647 p.
1007 1595 1122 1645 1468,
1146 1607 1177 1633 1.
1211 1593 1470 1633 SCHAEF.

358 1651 477 1703 1467,
507 1663 543 1692 2.
582 1651 717 1701 μέτρια
754 1650 801 1690 ἂν
835 1649 1079 1704 ἐξαμαρτὼν]
1121 1651 1169 1689 δι’
1192 1650 1306 1702 forte
1337 1649 1395 1688 ita
1428 1648 1583 1689 caderet
1612 1655 1656 1689 ut
1688 1649 1803 1689 levem

292 1705 452 1757 culpam
488 1707 769 1747 committerem.
811 1706 859 1745 ἂν
889 1706 1082 1759 junctum
1118 1704 1337 1759 participio
1373 1719 1497 1758 quam
1532 1704 1614 1744 vim
1649 1705 1805 1746 habeat

293 1762 443 1801 docent
479 1777 584 1815 quae
621 1762 765 1815 scripsi
805 1762 860 1802 ad
896 1777 935 1815 p.
966 1764 1035 1815 36,
1063 1774 1097 1801 2.
1142 1772 1232 1813 117,
1266 1775 1328 1801 10.
1375 1762 1468 1814 258,
1504 1774 1564 1801 11.
1606 1772 1702 1815 551,
1737 1763 1803 1802 28.

296 1819 551 1857 SCHAFF.

353 1875 472 1925 1467,
495 1876 531 1913 6.
564 1873 1123 1926 πρὸς-καταψηφιζομένους]
1157 1872 1384 1927 Significat.
1409 1872 1566 1925 opinor,
1588 1873 1642 1913 ab
1670 1872 1802 1913 Areo-

291 1929 458 1983 pagitiS‚
488 1930 795 1983 conspiratione
826 1930 1005 1982 quadam
1035 1929 1157 1977 facta,
1186 1929 1299 1969 falsis
1329 1928 1487 1968 indiciis
1518 1928 1803 1968 circumveniri

291 1990 334 2025 et
355 1985 531 2039 opprimi
553 1985 749 2026 insontes.
814 1985 958 2040 Neque
979 1990 1160 2025 veterem
1188 1985 1229 2024 in
1251 1985 1319 2024 illo
1339 1984 1510 2025 concilio
1533 1985 1803 2025 sanctitatem

291 2041 361 2081 illa
392 2046 532 2081 aetate
566 2041 704 2090 fuisse,
738 2041 800 2081 vel
831 2056 880 2081 ex
915 2041 1112 2081 Isocratis
1141 2040 1438 2095 Areopagitico
1469 2045 1645 2094 apparet
1676 2041 1803 2081 etiam

291 2097 502 2150 improbos
531 2101 574 2137 et
600 2097 776 2137 caeteris
802 2097 841 2136 in
869 2098 992 2137 rebus
1022 2097 1301 2137 intolerabiles
1327 2097 1368 2136 in
1397 2111 1491 2136 eum
1517 2096 1702 2136 ordinem
1729 2097 1802 2137 ad-

291 2152 402 2192 mitti
434 2153 578 2192 solitos
610 2153 858 2193 confitentis.
920 2153 1040 2204 Quod
1070 2158 1212 2193 autem
1241 2152 1371 2200 addit,
1394 2153 1559 2192 eosdem
1590 2152 1697 2192 illius
1723 2153 1802 2192 loci

292 2208 496 2247 institutis
524 2208 663 2261 potius
691 2223 816 2261 quain
844 2209 1103 2261 improbitati
1133 2223 1231 2248 suae
1257 2223 1413 2261 parere.
1437 2208 1478 2247 id
1504 2207 1605 2247 nihil
1626 2208 1804 2248 fortasse

292 2268 408 2303 vetat
430 2263 539 2303 inter
558 2265 774 2316 paradoxa
797 2264 1033 2304 Stoicorum
1060 2278 1290 2303 numerare.
1327 2263 1516 2303 WOLF.
1579 2263 1673 2303 Non
1695 2265 1802 2305 Are-

292 2318 486 2372 opagitae
507 2319 774 2372 intelligendi,
799 2320 870 2358 sed
892 2319 1001 2359 ide-m
1021 2319 1085 2359 ille
1110 2320 1301 2367 Senatus,
1320 2319 1383 2358 cui
1406 2319 1581 2372 epistola
1601 2319 1802 2374 inscripta

295 2379 370 2414 est.
407 2374 664 2413 SCHAEF.

350 2429 748 2481 καταψηφιζομένους,
770 2430 1024 2483 ἁπάντων-]
1041 2430 1225 2470 Distinxi
1247 2430 1391 2470 melius
1413 2430 1481 2478 sic.
1504 2436 1551 2470 ut
1572 2436 1667 2484 post
1690 2448 1803 2471 κατα-

292 2486 581 2537 ψηφιζομένους
614 2500 774 2525 comma
807 2500 1014 2538 ponerem,
1046 2486 1227 2539 positum
1258 2491 1352 2539 post
1384 2486 1564 2526 ἁπάντων
1595 2487 1798 2527 delerem:

294 2541 364 2580 ubi
410 2541 451 2580 in
497 2541 565 2580 illo
609 2541 745 2594 priore
792 2541 1039 2581 subauditur
1090 2544 1193 2591 ἐμοῦ,
1240 2542 1281 2580 111
1327 2542 1403 2581 1100
1451 2542 1681 2595 posteriore
1725 2547 1801 2583 τῶν

294 2597 487 2647 ὑμετέρων
524 2601 653 2636 καλῶν
690 2598 749 2636 καὶ
785 2599 951 2636 δικαίων.
996 2612 1059 2636 scos
1096 2598 1234 2637 ‘Fesfl‘l‘s
1258 2597 1422 2650 juribus
1456 2605 1570 2651 atque
1605 2597 1802 2638 decoribus

294 2659 432 2692 vosmet
462 2653 563 2705 ipsos
597 2667 733 2692 efficere
766 2667 884 2706 eaque
913 2653 1158 2706 rapientibus
1187 2655 1384 2693 consedere
1419 2668 1495 2693 non
1525 2655 1654 2693 mimas
1684 2668 1801 2707 quam

295 2722 352 2747 me
375 2708 455 2746 illis
476 2707 675 2747 denudari
694 2708 816 2747 simul
833 2708 1080 2761 omnibusque
1101 2709 1191 2748 meis
1212 2710 1579 2762 reliqmsssfortunis.
1602 2709 1798 2749 REIS'K.

296 2763 404 2803 Cave
428 2764 519 2812 ἐμοῦ
541 2763 593 2802 ad
616 2764 1001 2815 καταψηφιῲμένους
1028 2765 1276 2804 subaudias:
1312 2765 1461 2818 quippe
1483 2780 1563 2805 non
1589 2765 1728 2818 agitur
1748 2765 1799 2804 de

295 2818 421 2857 solius
444 2818 737 2858 Demosthenis
759 2819 1112 2859 condemnatione.
1157 2821 1208 2859 V.
1234 2836 1266 2859 v.
1293 2832 1353 2871 17.
1386 2821 1637 2860 SCHAEF.

356 2876 475 2923 1467,
501 2874 537 2912 8.
572 2874 751 2925 στέργειν
781 2875 969 2927 ἡγούμην]
1004 2876 1051 2914 F.
1073 2890 1109 2915 a.
1138 2879 1231 2915 δεῖν.
1294 2876 1384 2915 Aut
1415 2876 1593 2926 στέργειν
1625 2877 1795 2926 εἱλόμην.

298 2929 487 2968 WOLF.
550 2929 657 2968 Mihi
679 2929 842 2970 videtur
861 2930 1121 2970 scribendum
1144 2930 1324 2985 ᾑρούμην.
1359 2931 1607 2972 SCHAEF.
