1935 3200
228 121 341 164 1068
620 119 942 160 ADVERSUS
975 119 1280 160 APHOBUM
1316 120 1350 159 Ι.

228 226 415 275 testium,
439 239 542 279 quos
572 230 699 280 negat
724 225 946 278 quicquam
976 239 1156 273 curasse,
1180 224 1278 278 quid
1308 224 1456 265 testati
1488 224 1654 273 fuerint,
1678 239 1743 265 ve-

228 297 321 323 rum
350 296 406 323 an
435 282 595 330 falsum,
624 281 693 334 qui
721 285 810 321 tam
835 280 935 321 viles
963 285 1005 321 et
1035 295 1238 335 pauperes
1269 285 1312 321 et
1343 281 1451 321 leves
1481 281 1668 329 fuissent,
1695 285 1744 321 ut

228 352 458 394 poenarum
484 337 586 377 nihil
612 337 712 392 ipsis
738 341 847 377 esset
878 337 929 376 de
956 337 1059 377 falso
1089 337 1330 377 testimonio
1357 337 1566 391 perhibito
1595 337 1743 377 timen-

230 396 342 435 dum.
389 395 594 434 REISK.

287 451 382 499 821,
404 463 469 492 21.
491 451 638 490 τούτων
654 449 703 489 ἂν
724 448 1088 501 ἀντελαμβάνοντο]
1116 449 1228 489 Haec
1248 456 1441 503 uryerent,
1465 449 1621 490 scilicet
1638 463 1745 503 quae

229 511 373 548 orator
393 504 733 546 commemoravit
749 520 786 544 v.
806 507 870 545 16.
911 506 975 544 SC
986 506 1024 544 H
1031 505 1171 544 AEF.

287 563 381 611 821,
410 574 475 603 22.
498 561 811 614 οὐδὲν-αὐτῶν]
848 561 974 600 Refer
994 561 1048 600 ad
1069 562 1215 600 τούτων
1228 575 1264 599 v.
1290 573 1354 601 2Ι.
1402 561 1662 602 SCHAEF.

288 619 382 667 822,
405 631 444 672 3.
465 620 578 657 τοῦτο
610 616 652 657 τὸ
683 616 1343 669 συμβόλαιον-σνμβεβλημένον]
1378 620 1490 656 τοῦτο
1518 617 1560 656 τὸ
1590 616 1746 657 δάνειον

228 674 603 725 -ὃεδανειο-μένον.
647 673 904 713 SOHAEF.

289 732 385 779 822,
409 741 474 771 20.
502 731 606 777 παρὰ
627 730 713 771 τοὺς
735 728 994 779 κλινοποιοὺς]
1029 728 1146 780 χωρὶς
1166 732 1242 767 τῶν
1264 732 1510 768 κλινοποιῶν.
1553 727 1607 767 V.
1630 728 1683 768 ad
1705 743 1746 782 p.

230 800 327 842 490,
352 800 417 841 23.
453 785 709 826 SOHAEF.

290 843 383 892 822,
409 855 472 884 22.
495 841 538 881 τὸ
562 842 678 892 ἔργον
700 840 840 894 αὐτῶν]
870 840 924 880 V.
946 841 999 880 ad
1021 855 1060 893 p.
1086 840 1179 888 816,
1204 850 1265 893 17.
1310 839 1562 880 SCHAEF.

289 898 533 949 ἀπεδίδοντο]
586 897 960 951 V11lg.‹'27‡e51560r0.
1025 897 1251 936 ἀπεδίδοντο
1288 895 1471 948 Auoust.
1507 895 1664 950 primus
1705 901 1749 937 et

231 955 415 1010 quintus,
442 953 678 994 Bavaricus.
741 952 913 993 Correxi
945 954 1171 992 ἀπεδίδοντο
1203 952 1244 991 in
1275 949 1437 1006 plurali.
1475 959 1597 1004 pate}
1625 967 1746 999 meus,

231 1012 327 1052 dum
347 1010 478 1051 adhuc
502 1015 722 1063 superesset,
744 1009 887 1049 hamma
917 1009 1105 1048 mercimn
1135 1008 1247 1048 leand
1267 1023 1420 1062 pamm
1450 1008 1645 1058 zwwnlebat
1667 1010 1749 1049 De-

230 1068 395 1122 mophon
416 1067 507 1107 item
527 1072 560 1106 et
580 1066 644 1105 hic
664 1064 818 1118 Aphob
818 1080 853 1104 ιε
864 1071 954 1118 post
966 1071 1068 1118 pat}
1073 1079 1104 1103 13
1124 1079 1326 1104 excessum..
1374 1065 1567 1105 REISK.

292 1124 387 1174 824,
408 1136 449 1176 3.
481 1122 525 1162 τὸ
553 1121 684 1175 ἔργον]
719 1121 903 1161 Dubium
931 1126 994 1161 est
1016 1121 1115 1174 quid
1145 1120 1210 1160 hic
1236 1121 1451 1174 significet
1476 1126 1751 1175 quaestumne

233 1179 470 1219 usulaiium
503 1192 558 1219 an
594 1192 720 1231 opera
756 1192 806 1217 ex
841 1178 966 1217 ebore
1002 1177 1469 1217 elab01·at-=,.REISK.
1534 1177 1751 1218 Postelius

234 1250 376 1276 verum
398 1239 513 1289 puto.
557 1234 673 1274 Gonf.
696 1249 736 1287 p.
762 1234 855 1281 810,
879 1247 917 1287 3.
962 1234 1070 1273 SCH
1081 1234 1217 1273 AEl

293 1292 388 1341 824,
405 1303 443 1343 5.
466 1292 571 1339 παρὰ
592 1290 660 1329 τὸν
676 1291 812 1341 λόγον,
832 1290 877 1329 ὃν
895 1290 1181 1342 ἀποφερουσιν]
1213 1289 1417 1329 ὮῙΟΠὶυΞῑ
1452 1305 1498 1329 σι’
1518 1288 1751 1339 maenibus,

234 1361 332 1402 quas
353 1348 543 1401 referunt.
586 1346 640 1386 V.
664 1346 856 1385 Reiskius
878 1346 933 1386 ad
954 1361 994 1399 p.
1019 1348 1068 1385 82
1054 1346 1113 1392 8,
1140 1357 1203 1386 20.
1248 1346 1504 1386 SOHAEF.

293 1404 387 1453 824,
413 1414 450 1457 7.
474 1403 648 1452 ἐπιδείξω
670 1404 761 1452 ὑμῖν
781 1406 883 1453 τρεῖς
903 1404 976 1452 μὲι
998 1403 1114 1443 &mas
1136 1420 1167 1441 κ.
1190 1419 1223 1441 τ.
1246 1403 1304 1455 λ.]
1343 1402 1504 1441 Novum
1536 1401 1613 1441 init
1644 1416 1753 1442 com—

234 1464 383 1514 putum
409 1463 608 1513 quaestus
642 1459 761 1506 illius,
785 1473 907 1513 quem
940 1463 1026 1498 tres
1062 1462 1224 1498 tutores
1260 1473 1310 1497 ex
1345 1458 1516 1498 officinis
1548 1463 1590 1498 et
1618 1458 1754 1498 numis

234 1516 528 1571 praesentibus
560 1491 832 1555 Demostheni
866 1530 891 1554 a
925 1519 1046 1568 patre
1078 1514 1233 1554 relictis
1271 1529 1344 1568 per
1375 1514 1619 1554 decennium
1649 1515 1753 1554 fece-

236 1577 349 1620 rant,
371 1587 467 1620 non,
488 1576 536 1611 ut
557 1571 745 1625 superior
767 1575 1001 1624 computus,
1024 1585 1075 1610 ex
1097 1571 1253 1610 calculo
1276 1571 1584 1619 Demosthenis,
1608 1572 1682 1610 sed
1703 1586 1755 1611 ex

235 1628 421 1683 ipsorum
457 1632 645 1668 tutorum
686 1628 898 1676 laterculo,
933 1641 1055 1680 quem
1084 1626 1293 1679 judicibus
1329 1627 1621 1675 exhibuerant,
1658 1642 1755 1668 con-

236 1685 404 1725 fectum.
450 1683 643 1724 REISK.

296 1741 390 1793 824,
414 1755 452 1795 9.
474 1741 560 1791 τρία
580 1739 755 1779 τάλαντα
777 1741 838 1779 καὶ
860 1739 1005 1793 χιλίας]
1040 1739 1094 1779 V.
1116 1740 1170 1779 ad
1191 1755 1230 1793 p.
1255 1740 1348 1792 825,
1373 1742 1411 1779 6.

297 1797 391 1847 824,
413 1810 473 1837 10.
506 1797 622 1848 χωρὶς
647 1797 792 1835 τούτων
818 1797 939 1835 πλείω
966 1795 1101 1849 τιθεὶς]
1135 1797 1251 1848 χωρὶς
1277 1798 1434 1843 τούτων,
1461 1799 1535 1835 τῶν
1557 1799 1670 1846 τριῶν
1691 1813 1757 1835 τα-

237 1852 405 1892 λάντων.
463 1852 507 1891 τὸ
529 1852 650 1891 πλείω
673 1852 790 1893 τιθεὶς
810 1852 991 1891 refertnr
1014 1852 1069 1891 ad
1098 1853 1271 1901 ἐπιδείξω
1294 1857 1336 1891 et
1357 1866 1580 1905 personam
1604 1853 1756 1891 Demo-

238 1909 411 1958 sthenis,
435 1908 505 1963 qui
529 1907 659 1947 videri
686 1908 774 1947 vult
806 1909 848 1947 ἐκ
878 1910 1102 1958 περιουσίας
1132 1908 1379 1947 adversariis
1411 1907 1553 1961 largiri
1584 1907 1752 1961 aliquid.

238 1965 378 2005 Locus
399 1979 499 2004 sane
521 1965 720 2004 obscurus
742 1968 806 2003 est
827 1968 869 2003 et
890 1963 1019 2003 facilis
1041 1963 1226 2003 offensio.
1259 1964 1318 2001 W
1323 1964 1451 2003 oLF.
1512 1965 1657 2003 τούτων
1673 1978 1757 2003 non

240 2035 334 2061 cum
354 2020 545 2075 proximo
566 2020 810 2073 insequente
832 2021 967 2067 πλείω,
991 2020 1064 2058 sed
1086 2034 1178 2059 cum
1199 2020 1388 2073 proximo
1410 2019 1610 2073 superiori
1640 2021 1759 2072 χωρὶς

240 2081 305 2117 est
326 2076 615 2130 copulandum.
677 2075 896 2115 Sententia
917 2080 1004 2115 est:
1040 2076 1124 2115 Aio
1146 2090 1195 2115 ex
1218 2076 1401 2129 ipsorum
1423 2080 1610 2116 tutorum
1631 2076 1758 2115 ratio-

240 2132 363 2172 nibus
394 2137 599 2180 constare,
622 2131 711 2171 illos
738 2131 837 2170 mihi
868 2132 960 2184 plus
982 2146 1106 2184 quam
1132 2136 1229 2171 octo
1259 2132 1419 2172 talenta
1450 2132 1601 2171 debere
1630 2131 1758 2171 etiam

241 2193 338 2242 post
359 2188 574 2235 deductos,
597 2202 700 2241 quos
728 2187 770 2226 in
795 2202 860 2227 me
881 2188 1074 2227 alendum
1096 2188 1297 2235 fecerunt,
1320 2192 1493 2234 sumtus,
1519 2202 1620 2240 quos
1648 2202 1758 2226 sum-

241 2248 311 2284 tus
332 2258 410 2299 ego
437 2243 608 2297 majoris
636 2243 777 2292 etiam,
800 2248 927 2297 atque
959 2243 1014 2282 illi
1048 2243 1138 2297 ipsi,
1160 2243 1350 2291 aestiino,
1373 2249 1416 2284 et
1439 2243 1626 2283 deductis
1657 2243 1758 2283 item

241 2299 331 2349 illis,
356 2314 462 2353 quae
496 2299 597 2339 mihi
632 2299 916 2339 reddiderunt.
959 2299 1151 2339 REISK.
1223 2299 1484 2339 Sententiam
1520 2300 1624 2339 bene
1661 2314 1759 2338 enu-

243 2356 418 2396 cleavit:
452 2356 521 2395 sed
544 2355 588 2394 τὸ
615 2357 699 2405 ἑξῆς
721 2356 830 2408 quod
855 2356 977 2396 finxit
999 2356 1035 2395 ei
1065 2370 1147 2395 non
1172 2355 1376 2409 congruit.
1421 2357 1550 2408 χωρὶς,
1572 2369 1757 2403 seorsum,

243 2411 400 2452 scilicet
420 2416 468 2451 ut
489 2411 762 2451 deducantur.
801 2413 946 2452 τούτων
963 2413 1084 2452 πλείω
1101 2413 1230 2459 τιθεὶς,
1244 2412 1383 2465 pluris
1393 2418 1547 2465 putans
1567 2425 1687 2464 quam
1704 2411 1758 2451 hi.

246 2468 591 2509 SGHAEFER.

304 2525 398 2574 824,
427 2535 492 2563 22.
524 2524 621 2563 ὀκτὼ
652 2523 945 2563 τάλαντα-καὶ
977 2524 1127 2576 χίλιας]
1176 2522 1269 2562 Non
1305 2528 1540 2577 congruunt
1575 2522 1759 2563 rationes

244 2593 362 2620 meae
382 2578 729 2619 Demosthenicis.
792 2579 918 2618 Ponit
940 2583 1102 2618 tutores
1124 2578 1267 2619 tulisse
1288 2579 1447 2619 talenta
1464 2579 1644 2633 quinque
1666 2594 1759 2618 cum

246 2635 465 2676 duodecim
490 2634 626 2680 minis,
649 2639 739 2675 tum
761 2640 942 2689 quatuor
968 2635 1130 2675 talenta
1160 2650 1255 2675 cum
1285 2649 1418 2688 pauco
1440 2635 1615 2675 defectu.
1678 2635 1760 2674 De-

245 2692 465 2732 trahamus
486 2691 701 2730 duodecim
728 2691 818 2730 illas
848 2691 993 2739 minas,
1017 2705 1098 2745 quo
1121 2696 1300 2744 quatuor
1331 2691 1433 2731 haec
1464 2691 1625 2730 talenta
1655 2690 1759 2731 inte-

246 2752 434 2802 grentur.
489 2747 627 2787 Erunt
649 2761 747 2800 ergo
768 2761 914 2787 novem
936 2747 1099 2801 integra
1119 2748 1291 2787 talenta.
1347 2747 1470 2786 Adde
1492 2747 1639 2786 horum
1661 2761 1760 2800 qua-

247 2808 344 2844 tuor
383 2803 639 2845 talentorum
684 2817 830 2842 usuras
872 2804 1087 2843 decennes.
1155 2803 1345 2853 Quatuor
1391 2803 1552 2843 talenta
1590 2817 1759 2842 usuram

248 2859 388 2900 ferunt
416 2874 599 2900 annuam
623 2860 672 2899 28
695 2858 828 2899 minas
855 2874 948 2899 cum
971 2861 1023 2898 80
1046 2859 1277 2899 drachmis:
1310 2873 1385 2912 per
1409 2858 1651 2899 decennium
1679 2859 1758 2897 288

249 2914 381 2954 minas
402 2919 445 2955 et
468 2916 548 2955 800
569 2915 799 2963 drachmas,
824 2916 901 2955 hoc
930 2920 993 2956 est
1014 2929 1041 2966 4
1060 2915 1233 2961 talenta,
1257 2917 1310 2968 56
1332 2915 1477 2955 minas.
1540 2914 1634 2954 Erit
1662 2928 1761 2967 ergo
