1925 3215
603 120 825 161 oRA'rlo
861 117 1174 158 FUNEBRIS.
1531 117 1640 156 1403

132 231 421 281 comparatum
451 233 515 267 est
547 232 594 266 ut
623 226 739 267 facile
771 230 974 279 appareat
1007 223 1298 264 tantummodo
1329 220 1560 275 sophistam
1593 235 1641 261 00

129 284 170 323 in
194 283 357 338 publiea
378 283 618 323 laudatione
640 297 719 322 non
743 282 954 322 abstinere
986 280 1182 334 petuisse.
1245 279 1469 331 Conmarat
1491 282 1639 317 auctor

129 340 341 380 civitatem
373 340 529 379 liberae
560 338 806 378 conditionis
835 352 928 377 eum
957 351 1182 390 paucorum
1215 334 1443 374 dominatu.
1506 333 1564 373 Et
1597 333 1638 372 in

129 411 356 449 pancorum
379 395 543 449 quidem
573 395 787 434 dominatu
819 393 911 433 belli
945 398 1131 445 tempore
1154 391 1326 444 quisque
1358 390 1468 430 nulla
1499 390 1639 429 inusta

130 452 358 505 ignominia
382 452 443 491 vel
472 466 632 491 sunnna
663 450 846 504 pericula
880 449 997 488 facile
1028 449 1207 501 effugere
1238 453 1389 500 potest,
1414 446 1453 485 in
1484 446 1639 485 liberae

130 523 226 548 vero
256 507 504 547 conditionis
539 507 720 554 civitate,
750 506 818 545 nbi
852 505 979 544 libere
1015 519 1119 543 unus
1151 503 1324 557 quisque
1355 503 1452 556 quid
1482 501 1639 541 sentiat

129 564 235 604 solet
265 564 413 617 eloqui,
437 564 624 617 ignaviae
655 562 987 601 criminationem
1018 561 1078 600 vel
1110 560 1289 599 maxime
1321 559 1482 599 timent.
1544 558 1638 597 Hoc

129 620 259 674 igitur
280 620 428 660 timore
451 619 562 673 capti
589 619 629 658 hi
652 633 827 671 quoque,
850 618 917 671 qui
950 631 1056 656 nunc
1088 616 1187 669 reip.
1213 615 1407 668 impensis
1439 613 1639 668 sepeliun-

130 681 211 724 tur,
247 677 415 716 fortiter
446 690 521 729 pro
561 675 700 728 patria
736 672 1229 723 dimieaveruult—Quod
1267 685 1410 711 vereor
1445 676 1491 710 ut
1527 669 1638 710 laudi

131 733 322 786 cuiquam
345 732 437 772 duci
469 732 613 785 possit.
675 731 756 770 Sed
786 735 870 770 tam
903 729 1034 769 multa
1055 734 1272 782 praeterea
1293 727 1518 767 laudabilia
1540 740 1639 779 quo-

130 804 209 843 que
240 789 380 828 insunt
402 788 443 827 in
465 788 618 827 liberae
639 786 889 827 conditionis
911 786 1093 832 civitate,
1116 800 1220 838 quae
1251 784 1303 823 ad
1334 783 1500 823 fortiter
1521 782 1640 821 dimi-

131 846 311 885 candum
344 845 473 884 civem
508 848 790 898 permoveant,
828 847 875 882 ut
908 842 1154 881 tarditatem
1191 840 1317 879 mirer
1348 839 1537 886 hominis,
1570 838 1640 892 qui

131 916 238 954 quac
265 901 306 940 in
332 900 460 941 oculis
491 905 588 940 sunt
617 900 754 954 posita
787 913 867 938 non
890 898 1041 938 videat.
1104 897 1301 936 Fortasse
1329 901 1470 935 tamen
1500 895 1641 935 Plato-

131 972 224 997 nem
260 957 448 997 meminit
490 960 543 1006 (0.
575 958 612 996 8.
646 971 685 1010 p.
719 956 834 1009 κ118.)
871 953 1162 994 aristocratiae
1197 958 1325 1006 atque
1361 951 1641 991 democratiae

130 1013 383 1054 mentionem
413 1014 560 1057 facere,
584 1013 753 1066 ejusque
784 1010 915 1051 tacito
936 1009 1129 1057 correxit,
1154 1023 1278 1062 quam
1310 1022 1392 1046 non
1424 1007 1641 1055 intellexit,

129 1069 550 1124 argumentationem.
612 1070 858 1121 Quanquam
881 1067 980 1106 illud
1002 1065 1096 1105 11010
1119 1065 1363 1119 disceptare.

191 1127 240 1166 P.
266 1139 557 1179 1397—1399.
592 1125 786 1165 Nondum
819 1124 870 1163 ad
909 1121 1216 1177 perorationem
1252 1125 1420 1161 ventum
1456 1124 1532 1167 est,
1570 1119 1643 1159 sed

133 1183 245 1235 quod
275 1182 384 1222 dixit
413 1188 561 1222 auctor
596 1181 778 1221 civitatis
813 1179 1091 1220 conditionem
1127 1178 1181 1218 ad
1216 1177 1443 1231 periculum
1476 1175 1645 1215 fortiter

132 1239 392 1278 subeundum
421 1252 548 1278 omnes
574 1237 787 1284 ineitaase,
811 1251 956 1276 ansam
983 1235 1018 1274 ei
1041 1235 1115 1274 dat
1140 1235 1192 1274 ad
1220 1232 1523 1273 ostendendum
1545 1231 1644 1285 quid

134 1295 317 1334 tributim
353 1294 479 1334 etiam
516 1308 850 1347 unumquemque
892 1297 938 1332 ut
973 1290 1180 1344 intrepide
1222 1295 1429 1343 pugnaret
1472 1288 1644 1342 instiga-

134 1351 252 1391 verit.
313 1350 464 1404 Itaque
486 1350 620 1390 tribus
651 1349 833 1403 singulas
859 1352 1087 1395 enumerat,
1111 1361 1336 1399 earumque
1366 1345 1420 1385 ad
1451 1348 1646 1384 auctores

133 1421 289 1455 eorum,
314 1407 383 1460 qui
404 1407 640 1454 laudantur,
664 1406 861 1445 virtutem
889 1419 938 1445 ac
969 1403 1180 1457 praeclare
1210 1404 1323 1442 facta
1343 1400 1644 1441 accommodat.

135 1464 252 1514 Quae
274 1463 474 1517 digressio
496 1467 543 1502 ut
571 1463 623 1503 ab
649 1463 770 1514 hujus
801 1461 962 1501 dicendi
992 1459 1156 1514 generis
1185 1458 1395 1513 gravitate
1415 1457 1561 1505 aliena,
1584 1456 1646 1496 ita

134 1519 235 1559 nihil
258 1534 306 1559 ea
329 1519 548 1573 quicquam
570 1518 774 1559 inficetius
804 1522 932 1570 atque
951 1516 1154 1570 frigidius.
1208 1515 1437 1554 Videamus
1468 1512 1644 1567 singula.

136 1576 199 1615 Ac
231 1575 409 1628 primuni
439 1575 605 1628 quidem
637 1575 799 1628 Tay-lor.
832 1574 948 1613 Lect.
976 1573 1070 1626 Lys.
1099 1587 1138 1625 p.
1165 1584 1242 1626 235
1268 1571 1315 1610 R.
1349 1569 1461 1610 haud
1495 1569 1646 1609 merito

133 1636 349 1672 auctorem
381 1630 658 1685 reprehendit,
682 1630 792 1685 quod
814 1629 981 1669 nomina
1008 1628 1194 1668 tribuum
1223 1642 1304 1666 11011
1331 1627 1447 1680 justo
1476 1640 1524 1665 ac
1553 1639 1647 1678 per-

135 1692 261 1741 petuo
284 1687 439 1736 ordine,
463 1688 535 1727 sed
556 1692 712 1728 temere
732 1701 779 1726 ac
808 1686 1038 1739 promiscue
1059 1684 1277 1738 posuisset.
1341 1683 1401 1722 At
1425 1682 1649 1735 Taylormn

135 1744 269 1797 ipsum
295 1744 335 1783 in
367 1758 550 1783 errorem
581 1743 746 1783 induxit
775 1742 936 1789 Pollux,
960 1741 1028 1794 qui
1060 1740 1195 1780 tribus
1218 1738 1539 1779 Atheniensium
1571 1738 1648 1777 1100

135 1801 259 1840 modo
288 1800 480 1840 ordinat:
513 1799 733 1852 Ἐρηχθηΐς,
759 1800 959 1849 Κεκροπίς,
985 1796 1134 1848 Αἱγηΐς,
1155 1798 1379 1843 Πανδιονίς,
1400 1794 1649 1842 'Amatam-ris,

135 1855 342 1909 Ἀντιοχίς,
365 1858 539 1903 Λεοντίς,
563 1855 710 1904 Οἰινηΐς,
729 1854 1016 1901 Ἱπποθοωντίς,
1041 1854 1210 1893 Αἰαντίς.
1275 1851 1356 1890 Sed
1388 1864 1529 1890 verum
1560 1863 1649 1889 esse

136 1913 323 1952 ordinem
360 1913 492 1951 hunc:
525 1910 746 1963 Ἐρηχθηΐς,
775 1909 920 1960 Αἰγηΐς,
949 1910 1171 1955 Πανδιονίς,
1198 1909 1374 1954 Afer-fuss,
1401 1906 1648 1955 'Anauavrt'ffi

137 1968 287 2018 Οἰνηΐς,
332 1969 532 2018 Κεκροπίς,
568 1967 856 2013 Ἱπποθοωντίς,
897 1967 1063 2011 Αἰαντίς,
1099 1963 1308 2015 Ἀντιοχίς,
1352 1977 1473 2016 quem
1515 1962 1651 2015 ipsum

135 2024 263 2064 etiam
285 2029 425 2064 servat
446 2025 702 2063 declamator
726 2021 1084 2068 Demosthenicus,
1104 2020 1191 2074 jam
1214 2020 1369 2058 dudum
1392 2019 1651 2058 demonstra-

138 2081 196 2120 vit
220 2081 432 2120 (forsinius
453 2080 494 2119 in
525 2080 640 2120 Fast.
666 2080 760 2119 Att.
786 2078 862 2118 vol.
891 2091 925 2116 1.
948 2077 1045 2116 diss.
1069 2089 1108 2130 3,
1132 2079 1169 2115 6.
1202 2090 1243 2126 4,
1269 2088 1305 2115 2.
1333 2074 1422 2128 (qui
1455 2074 1649 2122 Pollucis,

140 2137 386 2185 Pausaniae,
412 2136 596 2190 Ulpiani,
631 2135 799 2189 Sigonii,
833 2133 1087 2181 Prideauxii,
1121 2132 1323 2171 Dodwelli
1355 2131 1465 2170 inter
1496 2145 1539 2170 se
1573 2131 1652 2170 dis-

139 2198 357 2247 crepantes
388 2192 510 2233 affert
540 2191 759 2242 rationes),
791 2204 1002 2244 nuperque
1033 2189 1247 2228 firmatum
1277 2192 1340 2228 est
1373 2186 1653 2241 inscriptioni-

139 2250 229 2298 bus,
253 2263 359 2303 quae
389 2249 584 2303 leguntur
603 2248 644 2287 in
668 2247 867 2288 Boeckhii
890 2247 1012 2299 Corp.
1036 2245 1166 2284 Inscr.
1189 2244 1267 2284 vol.
1294 2258 1328 2284 Ι.
1351 2258 1413 2283 nr.
1443 2245 1533 2283 168.
1561 2245 1652 2297 169.

148 2318 237 2356 171.
259 2317 350 2357 172.
375 2316 468 2359 275.
497 2306 589 2346 281.
616 2306 709 2355 284.
734 2306 825 2345 286.
871 2303 932 2343 Cf.
959 2302 1232 2341 Schoemann.
1256 2301 1306 2340 de
1328 2299 1467 2340 comit.
1493 2299 1650 2339 Athen.

142 2376 182 2415 p.
210 2364 272 2401 16.
306 2364 364 2413 [et
391 2361 540 2414 Antiq.
570 2361 679 2414 publ.
713 2375 754 2414 p.
780 2358 1024 2410 201.]——-Ex
1059 2372 1153 2411 quo,
1185 2357 1345 2410 opinor,
1375 2370 1457 2395 non
1487 2355 1651 2395 confici-

143 2424 214 2457 tur
242 2422 289 2457 ut
307 2418 611 2457 Demosthenes
641 2416 748 2455 illius
778 2414 980 2455 orationis
1009 2418 1156 2454 auctor
1185 2412 1323 2460 fuerit,
1348 2412 1499 2465 quippe
1527 2426 1655 2465 quum

143 2473 245 2513 talia
267 2473 455 2526 sophista
475 2473 681 2512 neminem
701 2471 930 2526 religiosius
951 2471 1082 2510 solere
1106 2468 1359 2523 perscrutari
1382 2468 1491 2507 inter
1511 2481 1654 2506 omnes

143 2529 434 2569 constet.—P.
461 2542 582 2581 1397.
617 2529 746 2568 Recte
773 2531 915 2567 monet
937 2526 1102 2580 Taylor.
1126 2526 1229 2565 (luas
1250 2524 1410 2564 fabulas
1441 2528 1656 2563 auctorem

143 2590 413 2639 permutasse.
477 2584 781 2638 Hyacinthides
813 2583 921 2623 enim
952 2597 1034 2622 non
1062 2580 1298 2627 Erechthei,
1322 2580 1393 2619 sed
1424 2579 1655 2632 Hyacinthi

146 2641 416 2681 Atheniensis
447 2647 567 2681 erant
597 2640 720 2687 filiae,
744 2640 887 2679 Minoe
910 2639 1102 2678 Athenas
1132 2637 1349 2676 obsidente
1380 2635 1655 2675 sacrificatae.

147 2698 201 2737 V.
225 2697 483 2750 Ap0110‹1.3‚
514 2710 571 2745 14,
597 2697 633 2736 8.
684 2696 843 2735 Verum
873 2693 1098 2735 Erechthei
1131 2706 1293 2746 quoque
1321 2690 1441 2738 filiae,
1474 2691 1653 2739 Procris,

147 2753 354 2806 Orirhyia,
389 2752 609 2800 Chthonia,
649 2752 815 2801 Creusa,
852 2751 998 2804 cupide
1034 2754 1211 2788 mortem
1247 2747 1538 2800 expetiverunt
1578 2761 1654 2800 pro

146 2810 233 2850 vita
263 2809 426 2848 civium.
478 2809 533 2848 V.
556 2808 748 2862 Apollod.
781 2821 814 2857 J,
849 2818 885 2860 7,
915 2821 954 2861 3.
990 2821 1027 2860 9,
1050 2820 1089 2855 4.
1125 2817 1163 2858 3,
1192 2817 1254 2857 15,
1282 2817 1317 2843 1.
1362 2802 1445 2843 Cic.
1470 2802 1591 2842 Tusc.
1620 2817 1653 2851 1,

147 2868 216 2917 48.
237 2865 399 2906 aL—P.
424 2865 541 2919 1398.
563 2863 804 2914 Ἐμέμυηυτο
824 2863 1102 2913 Ἀκαμαντίδαι
1122 2864 1197 2900 τῶν
1221 2862 1323 2899 ἐπῶν
1345 2860 1387 2898 ἐν
1409 2860 1464 2901 οἷς
1478 2857 1655 2909 (Όμηρος

148 2924 263 2963 ἕνεκα
284 2924 348 2972 τῆς
367 2924 506 2972 μητρός
534 2926 656 2972 φησιν
678 2922 821 2971 Αἴθρας
840 2918 1064 2969 Ἀκάμαντα
1093 2918 1147 2958 εἰς
1167 2918 1313 2967 Τροίαν
1335 2919 1500 2969 στεῖλαι.
1563 2915 1652 2955 Ho-
