1925 3215
615 116 669 151 IN
706 116 1128 151 DEMOSTHENEM.

163 218 252 251 bello
286 217 378 262 apud
412 218 557 251 Eionem
589 218 843 262 Amphipolita-

162 276 242 297 nam
267 263 452 297 duodecim
474 264 611 297 talentis
634 270 666 296 et
685 263 843 297 ducentis

161 310 336 355 equitibus
387 311 577 349 succurrit,
634 317 845 354 quapropter

161 357 364 389 immunitas
389 357 418 389 ei
441 369 460 390 a
490 357 524 389 P.
546 357 587 389 A.
619 356 755 389 decreta
779 356 844 389 fuit

167 411 277 447 173,3
283 402 377 435 6.86
397 403 458 436 ult

117 449 268 487 Mentor,
302 449 406 482 frater
446 448 658 487 Memnonis,
694 459 843 499 quorum

161 506 316 528 sororem
343 494 538 528 Artabazus
564 495 597 527 in
624 494 844 527 matrimonio

162 540 323 579 hahebat,
358 541 572 592 praefectura
605 540 732 585 Lydiae
767 546 845 584 post

163 587 377 620 Artabazum
396 587 527 630 potitur
544 587 622 630 672,
642 596 661 630 Γ,

118 632 172 666 Λᾶ
204 632 399 665 Messenios
425 633 631 675 legationem
662 632 748 665 obiit
776 632 845 664 De-

162 678 373 717 mosthenes,
398 678 439 712 de
465 676 533 723 qua
554 679 696 722 exponit
725 687 778 721 70,
802 687 844 721 25

163 736 215 769 sq.
260 724 455 758 Messenios
494 724 654 768 Philippo
687 723 844 757 addictos

162 771 320 803 nominat
343 783 377 814 p.
397 781 476 813 324,
496 781 548 804 11.
585 770 767 814 Philippus
786 782 844 802 eos

163 817 278 850 statim
297 828 317 849 a
334 817 432 850 finito
450 817 541 850 bello
561 816 712 850 l‘hocico
733 828 751 849 a
774 827 844 848 ser-

163 863 271 896 vitute
285 862 640 896 Lacedaemoniorum
655 862 775 895 liberat
788 862 843 906 69,

163 920 195 953 9.
223 907 486 942 Lacedaemonii
504 909 670 942 acerrimo
688 919 746 941 eos
765 907 845 941 odio

162 960 409 999 persequentes
427 954 541 988 modis
559 954 724 987 omnibus
742 965 844 987 vexa-

162 1001 247 1035 bant
288 1007 321 1034 et
362 1001 537 1045 perditum
575 1000 671 1034 ibant
706 1011 784 1042 204,
812 1012 843 1041 4.

162 1046 359 1080 Alexander
399 1047 451 1080 M.
479 1046 645 1081 Philiadis
679 1046 767 1080 filios
801 1046 844 1079 ab

163 1093 282 1127 exsilio
308 1099 486 1127 revocatos
511 1093 698 1126 Messeniis
727 1098 844 1137 tyran-

163 1150 227 1172 nos
245 1139 446 1183 imponebat
464 1150 542 1179 212,
562 1138 617 1172 26.

119 1185 302 1225 Metanira,
332 1186 505 1225 meretrix,
535 1197 555 1218 a
583 1185 686 1230 Lysia
710 1191 844 1219 oratore

163 1237 277 1265 amata
298 1242 397 1275 1351,
418 1243 471 1273 24.

117 1277 287 1312 Methone
314 1278 351 1310 in
377 1277 525 1311 Thracia
549 1289 569 1310 a
592 1277 752 1321 Philippo
781 1278 843 1310 ob-

165 1336 259 1357 sessa
287 1335 340 1364 11,
368 1332 420 1368 17.
446 1335 534 1358 1200
561 1335 639 1368 pen.
679 1323 741 1357 uhi
768 1323 844 1356 Ma-

165 1370 329 1403 cedonica
351 1371 554 1414 appellatur,
573 1381 642 1414 quo
661 1369 844 1414 dignosca-

165 1421 223 1449 tur
239 1428 258 1449 a
277 1416 580 1460 Peloponnesiaca.

121 1462 314 1496 Micalionis
333 1462 513 1505 negotium
533 1462 576 1495 ab
595 1461 846 1506 Aristophonte

165 1508 295 1552 perfide
319 1514 506 1542 tractatum
534 1508 680 1542 obscure
707 1508 846 1553 attingi-

165 1561 223 1588 tur
240 1555 319 1598 885,
335 1565 387 1588 10.

122 1601 311 1634 Micionem
338 1600 599 1634 Chollidensem
621 1600 845 1640 Theocrines‚

166 1658 187 1680 a
209 1658 245 1680 se
268 1646 310 1680 de
334 1647 428 1680 furto
451 1647 679 1680 frumentario
704 1658 845 1680 accusa-

166 1699 253 1733 tum,
281 1704 356 1726 aere
388 1693 544 1737 placatus
572 1693 714 1726 dimittit
747 1703 846 1737 1323,

170 1749 223 1772 12.

121 1784 261 1824 Midias,
273 1784 524 1830 Anagyrasius,
540 1785 645 1819 homo
660 1784 766 1825 dives,
787 1785 848 1818 sed

167 1830 280 1864 audax
303 1836 336 1864 et
360 1832 557 1871 sceleratus,
583 1831 738 1875 potentia
762 1831 847 1864 arni-

167 1877 285 1922 cisque
302 1877 422 1910 fretus.
463 1877 497 1910 Is
517 1877 747 1911 Demostheni
765 1877 847 1910 cho-

167 1934 291 1974 regum
316 1923 428 1956 tribus
458 1935 540 1956 suae
569 1924 605 1956 in
631 1923 848 1956 Liberalibus

168 1969 284 2013 agenti
308 1969 448 2021 publico
475 1970 512 2002 in
536 1970 613 2003 loco
637 1970 771 2013 alapam
795 1969 848 2002 in-

168 2015 275 2055 fiixit3
302 2015 402 2060 cujus
427 2015 572 2059 injuriae
594 2027 693 2049 reum
718 2015 848 2049 Demo-

169 2061 308 2094 sthenes
334 2061 404 2105 egit
426 2061 484 2094 illa
505 2061 629 2095 celebri
651 2061 805 2094 oratione
830 2073 849 2094 a

170 2119 202 2151 p.
215 2116 295 2150 514.
313 2106 356 2140 ad
376 2119 408 2151 p.
424 2108 503 2152 587.
525 2107 773 2151 suppositicius
788 2119 848 2151 ap-

169 2153 316 2196 pellatur
333 2152 412 2197 563,
431 2162 464 2197 5.
497 2153 672 2187 accusavit
689 2159 848 2186 senatum

168 2199 279 2238 illum,
298 2199 353 2232 cui
373 2199 546 2233 Androtio
572 2200 763 2243 praemium
790 2199 848 2232 de-

169 2245 263 2278 cerni
288 2245 433 2289 rogabat
454 2245 533 2290 596,
553 2246 585 2279 8.
621 2246 750 2285 nescio,
775 2245 847 2278 hic-

170 2291 244 2324 cine
270 2291 314 2324 sit
339 2303 382 2324 an
409 2291 496 2325 alius
518 2303 551 2336 p.
574 2292 673 2331 1260,
691 2303 725 2336 3.
753 2303 848 2325 com-

169 2342 393 2370 memoratus.

125 2382 325 2427 Midylides,
337 2383 532 2417 Aristotelis
548 2384 649 2424 filius,
669 2383 849 2417 Pallenen-

172 2429 217 2462 sis
239 2429 338 2473 1083,
358 2439 412 2462 21.

127 2473 326 2518 Midylides,
351 2474 571 2519 Otrynensis,
598 2476 688 2509 filius
714 2475 850 2520 Euthy-

171 2520 298 2560 machi,
315 2520 415 2554 istius
441 2532 526 2554 avus
549 2528 727 2555 maternus
749 2522 848 2565 1083,

172 2575 205 2610 5.
224 2572 257 2599 et
278 2566 330 2599 18.

128 2611 296 2645 Miltiadis
322 2612 502 2656 frugalitas
529 2611 691 2645 laudatur
711 2621 766 2656 35,
794 2624 847 2646 20.

173 2657 444 2743 gigigs6honores
480 2658 509 2691 ei
543 2658 633 2691 cives
665 2658 850 2692 habuerint

128 2749 352 2793 Mitocy‚thes
378 2750 520 2792 regulus
544 2748 721 2789 Thraciae,
745 2761 764 2783 a
783 2749 850 2783 Co·

173 2802 242 2839 tye,
271 2806 290 2828 a
316 2806 385 2839 quo
411 2795 590 2834 defecerat,
619 2795 780 2834 vincitur,
808 2795 851 2829 ab

174 2840 445 2874 Atheniensibus
458 2840 614 2874 desertus
628 2841 707 2883 655,
724 2853 751 2874 1.
772 2841 850 2883 658,

175 2885 230 2919 26.
263 2898 283 2919 a
310 2885 546 2930 Smicythione
575 2886 733 2929 proditus
761 2887 852 2920 Cha-

175 2931 318 2972 ridemo,
341 2931 383 2966 ab
407 2932 473 2966 hoc
498 2931 678 2966 Cardianis
703 2932 850 2966 traditus

1532 119 1541 152 l
1562 120 1628 152 185

947 217 1211 250 Atheniensium
1236 217 1494 255 inimicissimis,
1513 218 1555 251 ah
1575 218 1627 251 his

948 270 984 295 nt
1032 263 1310 296 studiosissimus
1361 264 1627 297 Atheniensium

946 309 1129 342 crudelitei
1157 310 1360 342 interemtus
1388 316 1439 343 est
1465 311 1506 354 67
1512 310 1544 349 6,
1574 311 1627 343 26.

949 355 1177 390 ΜἰΙῑοσιιΙιοη
1212 368 1230 388 ι
1259 356 1368 400 (otye
1402 356 1567 390 defecisse
1597 364 1629 389 et

947 392 1229 434 Cherilioncsum
1244 401 1434 435 Xthenien.
1431 402 1628 436 ihusdctu-

946 447 1025 480 lisse
1044 448 1096 489 sig
1086 448 1260 480 niticatur
1279 460 1311 491 p.
1330 459 1365 481 1-
1352 459 1427 492 07,
1446 450 1497 482 18.

902 493 1038 538 Milyas,
1067 505 1085 526 a
1113 499 1207 537 patre
1244 472 1490 527 Demosthenis
1523 496 1627 528 mori-

946 545 1023 572 ente
1040 540 1292 577 manumissus,
1312 540 1348 573 fit
1366 547 1505 574 curator
1523 542 1628 584 patri-

947 585 1053 618 monii
1085 586 1153 618 filio
1180 586 1311 629 pupillo
1339 587 1444 619 relicti
1473 588 1552 631 819,
1576 588 1626 620 18.

946 638 1086 675 propter
1104 637 1232 664 statum
1259 632 1332 674 ejus
1359 633 1492 666 civilem
1508 633 1628 677 Apho-

946 678 1012 710 hus
1032 690 1111 710 cum
1133 678 1369 712 Demosthene
1393 679 1426 711 in
1449 680 1526 723 jure
1545 691 1627 712 con-

946 723 1067 763 tendit,
1098 725 1278 767 postulans
1311 736 1388 757 euin
1419 732 1456 757 ut
1490 737 1629 758 servum

946 769 988 802 ad
1015 776 1198 807 tormenta,
1231 770 1466 803 Demosthene
1494 771 1629 804 tradere

947 821 984 848 ut
1007 815 1156 848 liberum
1175 822 1355 849 recusante
1378 819 1446 858 844
1464 823 1536 850 tota
1553 829 1629 850 ora-

947 867 1051 894 tione.

901 907 1079 940 Minervae
1106 907 1228 951 ingens
1262 908 1487 941 simulacrum
1517 909 1630 942 stabat

946 954 981 986 in
1007 965 1094 992 arce,
1117 953 1159 986 ah
1185 954 1346 987 universa
1365 954 1508 988 Graecia
1533 967 1629 999 prae-

946 1000 1054 1033 mium
1074 999 1347 1033 Atheniensibus
1369 999 1487 1033 datum
1507 1013 1630 1044 operae

946 1046 981 1079 in
1008 1046 1097 1079 bello
1123 1045 1290 1079 adversus
1313 1045 1462 1079 Xerxem
1481 1052 1513 1080 et
1533 1047 1629 1080 Mar-

947 1091 1093 1125 donium
1118 1098 1260 1125 navatae
1281 1092 1360 1134 428,
1383 1101 1435 1134 15.
1463 1105 1494 1126 v.
1517 1093 1630 1127 lndic.

947 1139 1070 1171 Graec.
1089 1150 1121 1171 v.
1138 1137 1273 1181 Ἀθηνᾶ.

902 1184 1033 1223 Minos,
1047 1196 1107 1217 rex
1126 1184 1259 1224 Cretae,
1273 1185 1427 1229 justitiae
1444 1185 1545 1218 laude
1561 1186 1628 1219 cla-

946 1230 1015 1263 ruit
1035 1230 1114 1274 269,
1132 1240 1183 1274 17.

901 1276 1022 1321 Mitys,
1040 1276 1205 1320 Argium,
1224 1288 1243 1309 a
1265 1288 1333 1320 quo
1353 1276 1524 1310 Chabrias
1543 1289 1628 1322 qua-

947 1322 1062 1365 drigas
1103 1322 1196 1362 emit,
1227 1323 1355 1367 quibus
1392 1322 1515 1367 Pythia
1548 1324 1629 1357 vicit

952 1368 1049 1412 1356,
1071 1377 1102 1412 7·

904 1414 1078 1453 Mnaseas,
1097 1414 1262 1458 Argivus,
1282 1414 1438 1458 proditor
1455 1426 1534 1459 324,
1553 1426 1605 1449 10.

903 1460 1165 1494 Mnesarchides
1188 1472 1286 1504 1332,
1304 1472 1354 1502 14.

903 1506 1178 1546 Mnesarchides,
1222 1507 1328 1540 homo
1370 1506 1476 1546 dives,
1515 1506 1631 1540 studet

950 1553 1079 1586 Midiae
1097 1554 1176 1596 581,
1193 1564 1245 1594 14.

904 1599 941 1632 M
948 1598 1543 1643 nesibulus,1<rp8wrr'ys'l'heophemi1
1555 1609 1631 1643 155,

952 1657 1004 1687 14.

903 1691 1139 1731 Mnesibulus,
1172 1691 1418 1730 Acharnensis,
1449 1691 1628 1735 peculatus

948 1737 1133 1771 damnatus
1166 1744 1199 1771 et
1238 1737 1275 1770 in
1309 1749 1479 1770 carcerem
1513 1736 1628 1777 datus,

947 1783 1027 1816 inde
1051 1795 1174 1816 rursus
1199 1783 1384 1816 dimittitur
1406 1784 1505 1824 1480,
1526 1794 1578 1827 13.
1597 1789 1630 1816 et

950 1829 1004 1862 26.
1024 1829 1083 1863 ubi
1100 1828 1262 1862 laudatur
1279 1835 1318 1862 ut
1335 1828 1441 1862 homo
1458 1829 1562 1872 frugi.

904 1875 1102 1915 ,unes-icles,
1121 1881 1226 1908 notus
1245 1874 1391 1907 Athenis
1416 1874 1631 1919 sycophanta

949 1930 1027 1965 9952
1047 1922 1079 1954 8-

903 1967 1103 2006 Mnesicles,
1143 1966 1365 2011 Collytensis,
1400 1977 1523 1999 caussa
1555 1967 1629 2011 ejus

949 2013 1146 2057 pecuniaria
1163 2025 1243 2046 curn
1263 2013 1402 2057 Euergo
1428 2019 1460 2045 et
1484 2012 1629 2046 Pantae-

949 2065 1029 2093 neto
1048 2058 1127 2103 967,
1143 2070 1198 2093 20.

904 2105 1155 2145 Mnesilochus,
1177 2104 1398 2139 Perithoedes
1421 2115 1520 2149 1219,
1537 2115 1592 2138 20.

903 2151 1155 2190 Mnesimaeha,
1178 2151 1321 2195 Lysippi
1348 2150 1523 2184 Crio'ensis
1550 2150 1630 2189 filia,

948 2209 1037 2231 uxor
1070 2197 1272 2242 Midylidae,
1303 2197 1363 2230 filii
1397 2196 1630 2241 Euthymachi

953 2244 1051 2288 1083,
1069 2255 1120 2277 11.

904 2289 1151 2334 Mnesiphilus,
1194 2289 1338 2323 Archon
1387 2288 1630 2334 pseudepony-

948 2348 1064 2369 mus
1049 2346 1125 2380 ⁶35,
1146 2347 1177 2369 2.
1198 2336 1314 2380 238,2

904 2382 1136 2422 Mnesitheus,
1148 2362 1385 2425 Alopecen-sis,
1401 2380 1631 2414 Demostheni

950 2427 1117 2461 adversus
1136 2427 1284 2461 Midiam
1302 2433 1448 2460 testatur
1465 2437 1544 2467 541,
1566 2437 1596 2469 7.

904 2473 1304 2513 Ἰ11110311111663,Ατοῇοῐι
1323 2472 1630 2516 pseudeponymus

952 2530 992 2564 27
1050 2530 1102 2564 17.

904 2532 1136 2599 Mnes9ithides
1151 2564 1373 2608 AntiphaniS‚
1390 2563 1630 2603 Phrearrhius,

948 2623 1019 2644 una
1032 2623 1112 2644 cum
1125 2609 1387 2643 Demosthene
1380 2621 1415 2642 in
1428 2609 1548 2652 legatis
1566 2609 1631 2642 fuit

949 2656 993 2690 ad
1009 2656 1194 2689 Thebanos
1219 2655 1366 2688 foederis
1392 2666 1474 2698 ergo
1492 2660 1628 2688 contra-

948 2701 1055 2734 hendi
1072 2701 1138 2734 adv
1140 2713 1237 2734 ersus
1257 2701 1455 2744 Philippum
1474 2711 1551 2751 291,
1565 2700 1598 2733 6.

905 2747 1100 2781 Moeriades
1127 2747 1169 2780 ab
1195 2746 1346 2798 Aphobo
1369 2746 1551 2790 pecuniam
1573 2758 1629 2779 ac-

951 2793 1039 2844 cepit
1057 2799 1191 2831 mutuo,
1211 2804 1286 2825 serv
1288 2792 1328 2830 is,
1344 2792 1403 2836 qui
1422 2791 1630 2824 Demosthe-

950 2839 1004 2872 nis
1018 2845 1125 2878 erant,
1138 2839 1174 2872 in
1186 2839 1315 2882 pignus
1327 2837 1493 2881 oppositis
1505 2838 1583 2876 822,
1598 2848 1629 2870 2.

908 2884 1100 2918 Moerocles
1117 2884 1333 2928 rogationem
1351 2883 1392 2917 de
1408 2883 1448 2916 iis
1466 2883 1556 2921 tulit,
1571 2883 1630 2928 qui

952 2930 1183 2974 negotiatores
1205 2935 1379 2970 vexarent,
1397 2934 1430 2965 et
1455 2928 1497 2962 de
1523 2929 1630 2962 classe
