1935 3200
266 98 368 136 1484

304 201 403 240 caesi,
426 202 579 235 acinaces
605 202 639 234 in
663 201 825 235 thesauro
850 203 981 236 Miner-

305 258 366 279 vae
384 259 459 280 serv
463 247 585 281 abatur
605 256 681 291 741,
702 257 855 293 7.1377,
876 260 928 282 20.

260 292 463 326 Maroneam
481 293 682 337 aggreditur
701 294 882 338 Philippus
901 294 981 328 681

307 337 495 372 26.e1ant
528 339 576 372 ibi
604 340 876 383 argentifodinae
904 341 982 385 967,

310 392 360 428 17.
384 396 482 429 1213,
502 396 534 429 3.
554 391 656 418 et11.

260 410 470 463 MaronitasO
479 436 511 464 et
528 431 675 464 Thasios
703 431 744 465 de
771 431 911 476 Stryma
935 433 983 466 al-

304 481 473 509 tercantes
501 477 595 510 litem
621 477 757 511 arbitris
788 478 984 521 permittere

309 521 451 565 163,18.
494 534 563 555 una
591 534 671 556 cum
697 523 872 556 Abderitis
903 536 983 567 pro-

304 574 484 610 ponuntur
510 569 546 601 in
576 570 774 612 exemplum
804 569 983 603 civitatum

302 614 510 656 ignobilium
524 620 557 648 et
575 620 829 648 contemtamm
845 616 943 655 218,1
955 627 981 648 1.

259 659 415 692 Massilia
433 661 512 704 883,
529 670 580 704 15.

259 705 415 745 Mastira,
443 706 612 750 oppidum
636 706 803 740 Thraciae
821 718 898 747 100,
928 718 983 740 22.

303 763 335 783 v.
363 751 545 795 Harpocr.,
571 752 630 798 qui
662 752 797 786 Bastira
819 754 885 797 leg.
910 764 984 786 esse

305 798 495 831 contendit.

260 843 455 883 Mausolus,
477 844 596 878 Cariae
623 844 780 889 dynasta,
808 857 869 889 per
895 845 983 889 opti-

305 895 413 923 mates
442 890 555 924 Rhodi
588 890 780 924 libertatem
814 892 984 935 oppressit

307 947 382 979 191,
399 945 450 979 15.
485 936 667 980 legationis
694 937 736 969 ab
761 937 984 970 Atheniensi-

303 981 369 1015 bus
387 982 429 1015 ad
448 993 527 1015 eum
545 983 669 1016 missae
693 982 730 1015 fit
756 983 886 1016 mentio
907 992 984 1027 703,

310 1038 363 1060 22.

261 1072 414 1113 Medius,
435 1073 642 1117 Hagnusius
662 1082 760 1116 1052,
779 1075 812 1107 6.

262 1118 413 1159 Medius,
431 1120 621 1152 Thessalus
641 1121 739 1163 1382,
760 1130 790 1164 7.

259 1164 445 1209 Megaclidi
471 1165 649 1199 Eleusinio
676 1178 800 1199 caussa
826 1171 877 1199 est
905 1177 986 1199 cum

309 1211 447 1255 Lycone
468 1211 672 1244 Heracleota
689 1223 787 1253 1241,
808 1220 862 1256 27.

261 1256 497 1301 Megalopolin
546 1257 698 1290 Arcades
759 1257 985 1291 condiderant

306 1314 432 1347 magna
446 1314 526 1336 cum
540 1303 892 1337 Lacedaemoniorum
911 1315 984 1337 mo-

304 1349 402 1382 lestia
434 1355 466 1382 et
503 1349 718 1391 aegiitudine
758 1350 872 1382 statim
906 1356 985 1394 post

304 1406 459 1438 pugrnam
482 1394 525 1427 ad
543 1376 772 1434 Mantineam,
792 1407 984 1446 agrumque

306 1440 518 1484 Spartanum
551 1441 631 1474 inde
660 1441 832 1474 iexabant
868 1453 984 1474 1116111·-

306 1487 475 1519 sionibus.
525 1487 683 1520 Thebani
713 1498 806 1530 ergo,
835 1487 985 1521 Phocico

306 1533 395 1565 bello
413 1533 579 1576 impliciti,
601 1544 709 1577 quum
736 1534 806 1566 otio
832 1539 985 1566 carerent

306 1578 471 1618 Arcadas,
496 1579 607 1611 socios
634 1590 727 1617 suos,
746 1578 878 1618 tuendi,
897 1579 984 1622 peri-

307 1625 425 1657 culum
451 1630 522 1657 erat
546 1636 587 1657 ne
611 1624 838 1668 Megalopolis
862 1637 984 1658 rursus

306 1670 576 1703 exscinderetur.
628 1670 776 1703 Mittunt
793 1682 876 1714 ergo
893 1672 984 1714 lega—

306 1722 360 1748 tos
394 1716 549 1749 Athenas
591 1722 661 1749 tam
694 1716 846 1749 Arcades
881 1728 985 1761 quam

308 1761 582 1800 Lacedaemonii,
606 1773 668 1805 pro
699 1774 734 1795 se
758 1762 885 1806 quique
911 1768 985 1795 ten-

308 1807 439 1840 dentes.
486 1807 740 1841 Demosthenes
759 1814 833 1841 tum
853 1808 985 1841 civibus

309 1859 429 1886 auctor
450 1853 561 1886 factus
585 1859 635 1886 est
659 1860 698 1886 ut
720 1854 986 1897 Megalopolitas

306 1899 456 1932 tuendos
476 1900 701 1942 susciperent,
721 1906 805 1933 orat.
820 1912 839 1933 a
856 1912 890 1943 p.
907 1911 984 1933 202.

309 1945 350 1977 ad
382 1957 413 1988 p.
443 1956 519 1978 210.
568 1946 693 1989 legatio
723 1945 906 1979 Aeschinis
944 1945 986 1978 ad

312 1991 576 2034 Megalopolitas
595 2002 673 2034 344,
691 2002 741 2034 13.

265 2036 426 2080 Megarae
440 2036 669 2070 insidiabatur
684 2037 865 2081 Philippus
884 2039 987 2081 paulo

310 2088 388 2115 ante
403 2094 507 2126 quam
524 2082 691 2127 Byzantio
708 2083 907 2116 admoveret
924 2083 984 2116 ob-

311 2127 480 2160 sidionem
502 2138 576 2171 115,
606 2139 635 2160 2.
670 2129 744 2165 118,
771 2128 802 2161 6.
865 2141 987 2172 parum

311 2173 426 2206 aberat
457 2174 538 2218 quin
574 2180 707 2216 caperet
729 2185 803 2217 133,
825 2185 879 2215 24.
908 2175 986 2215 248,

317 2229 368 2262 13.
403 2219 468 2251 5111)
488 2219 591 2252 finem
609 2219 687 2252 belli
703 2219 854 2258 Phocici,
872 2226 930 2253 aut
949 2232 988 2253 eo

308 2265 380 2307 jam
398 2264 494 2297 finito
512 2265 590 2305 446,
608 2276 635 2297 1.

268 2310 503 2353 Megarenses,
546 2310 639 2354 quod
686 2310 987 2343 Anthemocritum

315 2355 562 2388 Atheniensem
577 2356 809 2394 sustulissent,
823 2356 865 2388 ab
880 2356 986 2389 A-the

315 2401 492 2434 niensibus
510 2413 567 2444 my
572 2402 680 2434 steiiis
699 2382 862 2444 prohibiti
880 2407 912 2434 et
930 2413 989 2444 per

314 2447 450 2480 tabulas
475 2440 612 2490 publice
636 2447 720 2480 fixas
747 2459 808 2490 pro
830 2447 989 2480 hostibus

316 2493 583 2526 Atheniensium
624 2499 656 2526 et
697 2505 760 2536 pro
801 2493 988 2526 infamibus

317 2544 399 2572 sunt
417 2539 577 2572 declarati
594 2548 668 2582 159,
685 2550 735 2583 19.
774 2539 903 2572 bellum
929 2539 988 2572 ad-

315 2597 436 2617 versus
463 2597 520 2617 eos
541 2585 729 2624 decretum,
748 2584 841 2629 quod
858 2585 916 2627 τὴν
933 2585 988 2629 ὀρ-

316 2631 414 2674 γάδα,
433 2642 555 2673 agrum
574 2637 824 2669 consecratum,
838 2631 902 2663 sibi
913 2631 988 2663 vin-

318 2676 490 2709 dicassent
511 2685 586 2720 175,
615 2688 668 2718 24.
718 2677 804 2709 tanti
835 2677 990 2709 fecerunt

314 2723 372 2765 jus
407 2734 486 2754 suae
520 2722 664 2755 civitatis
698 2729 735 2755 ut
762 2721 989 2755 Lacedaemo-

318 2768 384 2800 niis
402 2767 435 2800 id
456 2767 626 2800 Hermoni
644 2768 876 2811 poscentibus,
891 2768 989 2812 cujus

318 2825 421 2856 opera
446 2814 665 2856 potissimum
686 2814 816 2847 factum
841 2819 930 2847 esset
952 2820 991 2846 ut

320 2858 497 2902 Lysander
525 2859 568 2891 ad
597 2859 872 2903 Aegospotamos
904 2860 989 2893 clas-

322 2915 393 2936 sem
423 2904 689 2937 Atheniensium
718 2911 862 2948 caperet,
888 2905 989 2938 dene-

757 102 925 138 INDEX
954 102 1273 139 HISTORICUS

1089 209 1222 247 gar,ent
1252 203 1318 236 nisi
1351 203 1416 254 ipsi
1447 215 1584 248 quoque
1617 204 1767 238 eundem

1093 249 1307 282 Heimonem
1333 261 1443 283 civem
1462 249 1672 293 Spartanum
1695 262 1766 284 cre-

1089 301 1185 328 arent
1200 295 1278 339 691,
1291 304 1322 337 5.
1357 296 1574 339 appellantur
1587 296 1766 329 illiberales

1089 347 1121 374 et
1140 341 1270 374 sordidi
1289 350 1386 386 1357,
1405 342 1437 375 8.
1485 341 1604 381 Solon,
1630 343 1766 386 legisla-

1089 393 1154 426 tor,
1173 398 1231 420 eos
1250 387 1374 420 devicit
1399 393 1501 432 atque
1525 394 1706 432 tropaeum
1725 388 1767 421 de

1089 433 1128 465 115
1146 413 1220 465 'fixit
1238 432 1336 474 1416,
1355 432 1387 466 6.

1044 478 1264 522 Melanopus,
1295 480 1430 523 legatus
1462 479 1535 523 ipse
1568 480 1689 513 tertius
1723 479 1766 513 ad

1091 524 1292 557 Mausolum
1312 525 1439 558 missus
1456 534 1533 571 703,
1546 536 1600 558 21.
1637 525 1766 559 Lache-

1090 576 1171 609 tem,
1190 575 1322 613 patrem
1348 571 1432 614 ejus,
1451 577 1566 604 orator
1591 577 1678 604 tecte
1707 583 1766 615 pe-

1090 617 1226 649 culatus
1255 616 1434 649 insimulat
1458 627 1536 661 740,
1561 628 1614 650 21.
1656 617 1766 661 ipsius

1091 662 1269 706 Melanopi
1289 662 1381 695 furta
1401 668 1433 695 et
1459 663 1585 695 scelera
1605 674 1766 696 enarran-

1089 713 1146 740 tur
1162 708 1246 740 ibid.

1044 753 1264 797 Melanopus,
1288 753 1480 798 Diophanti
1509 754 1612 793 filius,
1641 753 1766 798 Sphet-

1089 800 1157 832 tius
1176 809 1254 843 925,
1274 811 1304 832 2.

1044 846 1221 879 Melantus
1252 846 1317 878 fuit
1348 845 1384 878 in
1417 845 1619 879 adversariis
1649 851 1681 879 et
1711 857 1766 879 ca-

1089 891 1357 925 lumniatoribus
1400 891 1647 925 Demosthenis
1687 902 1767 935 310,

1095 948 1146 971 10.

1045 983 1174 1022 Melite,
1194 994 1304 1027 pagus
1323 983 1460 1016 Atticus
1476 983 1563 1026 1258
1582 994 1660 1026 pen.

1044 1028 1173 1062 Melus.
1235 1029 1332 1062 Melii
1378 1028 1599 1072 recept-abant
1639 1030 1767 1073 piratas

1094 1086 1193 1119 1339,
1213 1085 1265 1118 23·

1045 1120 1227 1160 Memnon,
1262 1120 1425 1154 Artabazi
1463 1120 1625 1163 κηδεστὴς
1662 1126 1695 1154 et
1730 1121 1767 1154 in

1090 1167 1304 1210 praefectura
1330 1166 1459 1210 Lydiae
1488 1177 1666 1199 successor
1687 1166 1767 1211 672,

1091 1222 1122 1253 5.
1157 1212 1192 1245 h.
1207 1224 1235 1245 e.
1252 1212 1453 1245 Memnonis
1469 1223 1622 1245 sororem
1639 1212 1676 1245 in
1693 1223 1766 1245 ma-

1090 1258 1254 1291 trimonio
1271 1258 1419 1291 habebat
1432 1257 1638 1291 Artabazus.
1657 1269 1690 1291 v.
1705 1258 1767 1291 Di-

1091 1303 1187 1337 odor.
1209 1303 1274 1337 Sic.
1291 1304 1358 1337 vol.
1380 1315 1410 1336 2.
1429 1315 1463 1347 p.
1480 1314 1554 1336 122.

1046 1349 1177 1383 Menda
1190 1349 1269 1393 926,
1283 1361 1311 1382 1.
1347 1349 1558 1383 Mendaeum
1573 1349 1694 1383 vinum
1709 1361 1766 1383 ex-

1090 1396 1293 1440 portabatur
1309 1396 1345 1428 in
1365 1395 1516 1429 Pontum
1534 1395 1617 1428 ibid.
1638 1404 1668 1440 7.
1687 1407 1767 1441 929,

1096 1451 1147 1483 15.
1168 1450 1249 1486 935³
1269 1453 1301 1486 9·
1510 1487 1515 1493 ,

1046 1488 1232 1527 Menecles,
1259 1493 1363 1520 notus
1390 1486 1536 1520 Athenis
1557 1486 1768 1532 quadrupla-

1090 1540 1155 1573 tor,
1173 1534 1280 1577 vulgo
1303 1533 1416 1566 dictus
1439 1535 1457 1566 ὁ
1474 1533 1533 1576 τὴν
1551 1534 1652 1567 Νίνον
1669 1534 1767 1573 ἑλὼν,

1091 1580 1149 1624 (1111
1168 1579 1315 1619 Ninum,
1335 1578 1548 1612 sacerdotem
1568 1579 1768 1619 foeminam,

1091 1625 1333 1658 condemnavit
1351 1634 1431 1669 995,
1447 1636 1498 1658 10.
1518 1626 1597 1670 998,
1615 1636 1666 1669 13.

1046 1671 1262 1705 Menecrates
1281 1672 1366 1715 1489
1385 1677 1498 1714 antep.

1045 1717 1239 1756 Menelaus,
1258 1717 1472 1760 peregrinus,
1488 1716 1574 1749 forte
1589 1716 1767 1756 Lemnius,

1092 1774 1161 1807 (1110
1188 1762 1378 1806 hipparcho
1404 1774 1465 1795 seu
1491 1763 1657 1806 magistro
1677 1763 1767 1796 mili-

1092 1809 1157 1842 tiae
1184 1809 1351 1853 equestris
1378 1808 1413 1841 in
1440 1808 1530 1841 bello
1554 1808 1670 1841 sociali
1693 1814 1767 1842 ute-

1093 1854 1220 1888 bantur
1237 1854 1468 1888 Athenienses
1486 1863 1541 1898 47,
1562 1865 1615 1887 21.

1048 1900 1285 1939 Menestheus,
1320 1900 1410 1933 filius
1442 1899 1593 1942 philagri
1625 1911 1643 1933 6
1670 1900 1767 1933 Τ616-

1093 1947 1204 1990 sippa.
1225 1946 1370 1979 Oeensis
1390 1945 1486 1987 1064,
1503 1946 1554 1979 16.

1049 1992 1274 2025 Menestheus
1301 2003 1380 2025 cum
1410 1993 1517 2025 classe
1543 1997 1683 2025 centum
1707 1992 1767 2025 tri-

1093 2038 1239 2071 remium
1274 2037 1502 2071 mittebantur
1527 2038 1570 2071 ab
1596 2038 1679 2070 Ath.
1706 2037 1767 2071 ad-

1093 2095 1215 2117 versus
1248 2084 1373 2127 piratas
1409 2083 1654 2117 Macedonicos
1689 2092 1767 2128 217,

1097 2140 1148 2173 19.
1192 2129 1353 2163 laudatur
1379 2135 1418 2162 ut
1440 2129 1492 2162 vir
1517 2129 1703 2173 popularis.
1733 2141 1766 2163 v.

1095 2175 1240 2219 Dionys.
1258 2175 1370 2208 Halic.
1386 2175 1421 2208 111
1439 2174 1505 2207 fine
1523 2175 1628 2208 libelli
1646 2174 1687 2208 de
1704 2175 1767 2208 Di-

1094 2221 1233 2253 narcho.

1050 2265 1294 2303 Menestratus‚
1315 2265 1531 2299 Eretriensis.
1568 2265 1702 2299 videtur
1720 2266 1768 2300 E-

1093 2311 1213 2344 retriae
1246 2311 1404 2354 princeps
1437 2317 1470 2344 et
1494 2311 1767 2346 Atheniensibus

1093 2357 1224 2390 amicus
1242 2357 1348 2390 fuisse
1366 2356 1445 2396 661,
1461 2368 1513 2390 10.

1048 2402 1276 2442 Menexenus,
1295 2403 1385 2436 filius
1405 2402 1575 2447 Polyarati
1592 2414 1690 2448 1009,
1711 2403 1766 2437 26.

1048 2448 1237 2492 Menippus
1260 2448 1353 2492 apud
1373 2448 1489 2482 Oritas
1509 2448 1668 2493 Philippo
1693 2455 1766 2483 stu-

1094 2493 1196 2527 debat
1214 2494 1288 2532 126,
1308 2507 1339 2535 4.

1049 2539 1248 2584 Menippus,
1279 2540 1307 2573 C
1310 2552 1358 2579 ar,
1389 2540 1458 2583 egit
1490 2541 1526 2573 in
1559 2540 1766 2574 Euandrum

1092 2585 1340 2629 Thespiensem
1357 2595 1473 2630 571,‘›
1456 2597 1509 2619 ..2.

1049 2631 1169 2670 Meno,
1198 2632 1395 2675 imperator,
1422 2632 1561 2665 Autocli
1589 2643 1770 2666 successor

1092 2677 1185 2720 apud
1225 2679 1369 2710 classem
1410 2677 1446 2710 in
1486 2677 1598 2711 Ponto
1637 2678 1767 2711 missus

1096 2734 1194 2762 1210,
1212 2723 1243 2756 6.
1274 2723 1368 2756 hunc
1382 2723 1627 2767 Apollodorus,
1647 2724 1765 2757 Pasio-

1091 2769 1145 2801 nis
1171 2769 1208 2807 f.‚
1231 2769 1403 2802 accusavit
1429 2769 1582 2802 oratione
1598 2781 1617 2802 a
1635 2769 1764 2802 Demo-

1093 2815 1212 2847 sthene
1239 2815 1376 2858 scripta,
1398 2814 1456 2847 sed
1479 2826 1517 2847 ea
1542 2814 1645 2848 hodie
1667 2815 1766 2858 periit

1092 2860 1170 2903 961,
1188 2871 1216 2893 1.

1046 2905 1163 2945 Meno,
1196 2905 1404 2945 Pharsalius,
1432 2906 1702 2940 Atheniensibus
1729 2906 1765 2939 in
