1935 3200
277 113 379 149 1482

320 215 434 258 gabat,
452 219 484 246 et
504 213 653 246 Isocrate
675 212 843 255 magistio
869 211 996 245 fidebat

319 267 421 311 atque
440 259 661 303 superbiebat
679 259 745 302 938
764 264 846 291 tota

275 307 373 349 La1n1
376 318 415 339 ›is
442 305 484 338 ab
510 303 701 338 exercenda
727 315 762 337 re
788 304 997 336 navicularia

319 319 431 385 facltus
451 351 664 384 Graecorum
688 349 880 382 ditissimus
902 355 933 382 et
955 349 996 382 de

320 397 498 440 Aeginetis
520 396 648 440 optime
670 396 813 428 meritus
840 395 926 428 nihil
946 401 996 428 ta-

319 455 399 476 men
422 443 465 476 ab
483 442 522 475 iis
543 442 675 475 invenit
696 448 830 485 praeter
846 441 906 484 τὴν
923 441 996 473 ἀτέ-

320 491 414 522 λειαν
441 500 502 521 seu
535 487 791 521 immunitatem
821 499 839 520 a
867 486 997 520 tributo

319 534 572 579 inquilinorum
590 533 658 578 690
674 534 737 566 ult.
757 544 836 578 905.
863 540 896 566 et
921 544 996 566 ora-

319 581 412 614 tione
429 586 502 613 tota
518 580 554 613 in
572 579 830 612 Phormionem.

275 627 507 670 Lampsacum
536 631 682 669 occupat
710 624 840 657 Chares
868 624 923 663 26,
944 636 995 666 14.

320 673 374 705 vel
407 672 530 715 accipit
570 672 606 704 in
646 670 841 704 mercedem
874 682 997 714 operae

322 718 495 751 Artabazo
525 717 717 761 praestitae.
752 728 785 749 v.
806 715 940 749 Schott.
962 728 996 760 p

320 774 377 808 54.
426 763 611 802 Philiscus,
630 763 677 796 ibi
698 761 917 806 tyrannidem
939 774 996 795 ex-

320 821 451 849 ercens,
482 821 501 842 a
525 809 742 852 Thersagora
775 814 877 852 atque
908 808 998 841 Exe-

321 861 425 894 cesto,
480 854 736 898 LampsaceniS,
790 853 999 887 interimitur

320 901 400 940 666,
421 911 475 945 27.
498 911 596 939 1212,
615 901 647 933 8.

276 921 487 980 Laomedon.
507 958 538 978 v.
561 946 763 979 Leodamas.

276 993 395 1025 Larisa
413 1004 492 1036 392,
512 1003 565 1025 22.

276 1038 466 1072 Lasthenes
497 1044 529 1071 et
557 1036 798 1080 Euthycrates,
827 1036 996 1081 Olynthii,

322 1096 402 1117 cum
443 1084 589 1127 patriam
628 1082 787 1134 Philippo
828 1083 998 1134 prodidis-

323 1136 409 1169 sent,
436 1130 478 1162 ab
506 1141 544 1162 eo
571 1129 695 1161 misere
720 1129 892 1161 iuteiemti
918 1135 1000 1162 sunt

323 1187 377 1219 99,
407 1186 460 1208 22.
491 1175 564 1214 128,
591 1175 622 1207 8.
651 1185 729 1215 241,
761 1184 814 1218 25.
842 1183 909 1218 425
935 1175 997 1207 ult.

323 1231 403 1263 451,
423 1232 452 1253 2-

279 1267 420 1311 Legatio
439 1266 705 1299 Atheniensium
730 1266 765 1298 in
784 1265 998 1309 Peloponne-

324 1324 402 1346 sum
421 1313 523 1356 paulo
542 1318 620 1355 post
636 1311 832 1356 Olynthum
851 1318 998 1355 captam,

323 1364 462 1392 auctore
482 1358 634 1396 Eubulo,
652 1358 694 1391 ab
713 1357 884 1391 Aeschine
906 1358 1000 1391 obita

324 1404 367 1437 ad
403 1404 556 1438 civitates
598 1403 764 1437 adversus
799 1403 999 1447 Philippum

325 1450 548 1484 concitandas
567 1450 646 1493 438,
666 1461 709 1494 23
728 1462 777 1494 sq.
798 1460 877 1494 439,
896 1452 928 1483 8.

280 1496 423 1540 Legatio
452 1496 698 1529 Demosthenis
730 1495 773 1528 ad
801 1495 1000 1539 Philippum

325 1543 462 1586 gemina
479 1553 559 1575 cum
578 1541 750 1574 Aeschine
768 1542 872 1581 socio,
890 1542 1001 1585 prima

324 1588 368 1621 ad
388 1587 672 1621 constituendum
697 1587 739 1620 de
764 1588 856 1631 pacis
880 1587 999 1620 condi-

325 1634 478 1667 tionibus
506 1633 623 1666 statim
649 1633 691 1666 ab
717 1633 874 1678 Olyntho
902 1639 1001 1677 capta

327 1689 381 1724 72,
408 1690 461 1721 24.
490 1688 612 1723 345,3
618 1705 623 1711 .
674 1680 789 1718 altera,
816 1690 899 1731 pace
927 1679 1000 1723 jam

326 1725 485 1759 condicta
517 1731 550 1758 et
583 1725 783 1764 constituta,
815 1724 858 1758 ad
886 1725 1000 1769 jusju-

326 1771 476 1804 randum
494 1770 536 1804 ab
554 1782 593 1803 eo
611 1751 832 1814 exigendiim,
849 1782 917 1814 quo
935 1782 1000 1814 pax

327 1817 462 1850 decreta
489 1816 750 1849 confirmaretur
778 1825 818 1861 72
837 1817 899 1850 ult.
919 1816 1000 1860 346,

327 1863 359 1896 6.
398 1869 430 1895 et
454 1862 613 1906 deinceps
640 1863 849 1906 saepissime,
867 1868 906 1895 ut
923 1874 951 1895 e.
972 1874 999 1895 c.

326 1921 360 1952 p.
385 1920 450 1953 392
471 1920 521 1952 sq.
559 1908 695 1941 tertiam
720 1908 834 1948 ambo,
860 1909 1002 1952 ipseque

329 1954 581 1988 Demosthenes
608 1960 640 1986 et
665 1954 866 1993 Aeschines,
891 1954 1001 1998 ejura-

328 2006 410 2033 runt
427 2001 506 2044 378,
522 2011 573 2041 14.
593 2009 671 2044 379,
688 2011 738 2032 11.
759 2009 837 2044 395,
857 2012 888 2044 9.

284 2047 488 2090 Legationes
509 2046 755 2078 Demosthenis
773 2045 817 2078 ad
832 2046 1001 2089 Pelopon-

330 2092 443 2125 nesios
466 2092 697 2130 intercessere,
716 2091 902 2136 quominus
922 2092 1001 2124 Phi—

328 2138 444 2181 lippus
485 2138 701 2180 peninsulam
744 2137 832 2170 hanc
871 2143 1003 2180 raperet

334 2194 409 2227 129,
426 2182 476 2215 16.
497 2193 574 2223 252,
590 2193 618 2215 1.
653 2182 713 2215 ubi
735 2183 837 2215 etiam
862 2183 1002 2226 legatio-

330 2240 391 2261 nes
419 2234 745 2267 commemorantur,
769 2239 916 2272 quarum
942 2240 1001 2261 au-

331 2279 405 2307 ctor
437 2273 501 2306 fuit
535 2273 799 2306 Demosthenes.
861 2273 1003 2317 Legatio

332 2318 579 2352 Demosthenis
597 2318 639 2351 ad
656 2319 805 2361 Argivos
824 2324 855 2351 et
871 2319 1001 2352 Messe-

330 2365 406 2398 nios
424 2365 535 2397 multo
553 2370 630 2406 post
646 2363 842 2408 Olynthum
856 2370 1002 2408 captam,

332 2417 365 2444 at
392 2422 460 2443 non
490 2411 600 2442 multo
629 2415 743 2442 tamen
778 2416 856 2453 post
886 2422 1002 2453 pacem

332 2468 411 2490 cum
425 2456 584 2499 Philippo
598 2461 808 2488 contractam
823 2456 934 2489 evenit
949 2465 1003 2500 70,

333 2511 386 2546 25.
408 2511 461 2546 71,
480 2501 511 2534 6.
554 2501 614 2534 11111
640 2501 792 2534 notanda
821 2507 871 2534 est
900 2501 1004 2534 dictio

331 2549 438 2581 πολὺν
454 2549 586 2591 χρόνον,
600 2547 766 2585 indicans,
782 2559 821 2580 eo
838 2553 1003 2591 tempore,

332 2606 400 2638 quo
436 2593 688 2626 Demosthenes
729 2593 771 2626 ad
811 2593 1004 2626 Messenios

331 2641 388 2672 illa
408 2639 511 2673 verba
536 2639 690 2677 faciebat,
716 2639 911 2683 Olynthum
932 2639 1004 2682 jani

333 2685 468 2718 dudum
505 2685 539 2717 111
575 2685 682 2718 ruinis
714 2685 875 2729 jacuisse.
937 2684 1003 2717 Sed

333 2731 523 2774 Philippica
544 2730 707 2769 secunda,
726 2731 781 2763 6111
806 2731 932 2763 inserta
955 2736 1005 2763 cst

333 2777 397 2810 ista
423 2776 589 2819 particula
614 2777 777 2809 orationis
805 2775 846 2809 ad
873 2776 1003 2809 Messe-

334 2823 420 2857 nios,
443 2822 532 2854 dicta
557 2828 607 2853 cst.
632 2833 722 2854 anuo
740 2828 862 2866 quarto
884 2822 1004 2865 Olym-

335 2867 442 2909 piadis
459 2868 532 2900 108.
561 2879 642 2909 ergo
664 2879 802 2900 necesse
823 2873 873 2900 est
892 2874 929 2900 ut
951 2868 1006 2899 illa

336 2912 377 2945 ad
405 2912 710 2956 Peloponnesiacos
736 2914 860 2957 legatio
886 2913 920 2946 iu
947 2925 1005 2945 an-

768 111 937 147 INDEX
967 110 1287 147 HISTORICUS

1100 223 1186 245 num
1204 217 1263 244 aut
1276 211 1417 244 tertium
1431 216 1490 243 aut
1504 216 1666 255 quartum
1684 211 1776 255 ejus-

1101 257 1179 290 dem
1199 256 1416 302 Olympiadis
1434 256 1599 290 inciderit.

1055 303 1220 336 Lemnus.
1264 314 1303 336 eo
1334 308 1494 346 suscepta
1522 302 1693 346 expeditio
1719 312 1776 347 47,

1105 360 1156 394 19.
1181 348 1279 392 1346,
1297 360 1347 382 12.

1055 394 1125 428 Leo
1140 395 1374 438 Timagoram,
1390 395 1445 428 cui
1463 405 1577 428 comes
1594 395 1777 438 legationis

1101 440 1144 474 ad
1182 452 1298 484 regem
1332 440 1515 473 Persarum
1550 440 1778 484 quadriennio

1101 486 1223 525 fuerat,
1249 486 1358 519 redux
1376 486 1487 519 factus
1513 486 1687 520 accusavit
1709 497 1778 528 400

1101 544 1179 576 pen.

1056 578 1259 617 Leochares,
1285 579 1321 611 in
1342 590 1442 623 quem
1470 578 1541 622 agit
1558 589 1607 611 or.
1626 590 1659 622 p.
1677 579 1776 612 1080.

1102 624 1144 657 3(1
1163 635 1260 657 1110.

1057 670 1227 703 Leocorae
1251 682 1311 703 seu
1337 670 1423 703 filiae
1443 669 1567 703 Leonis
1591 681 1626 703 se
1644 669 1778 703 dedunt

1101 716 1193 749 ultro
1219 727 1281 759 pro
1304 716 1414 749 salute
1441 716 1568 759 patriae
1594 715 1777 749 immolan-

1103 762 1163 794 das
1182 762 1280 805 1398,
1299 772 1330 805 5.

1027 833 1035 842 .
1057 807 1272 847 Leocorium,
1291 808 1412 841 fanum
1430 807 1576 840 Athenis
1591 808 1690 851 1258,
1710 816 1765 851 25.

1057 853 1237 887 Leocrates
1256 855 1352 892 1028,
1373 864 1426 887 20.
1445 859 1477 886 et
1496 853 1667 897 deinceps.

1057 899 1248 932 Leodamas
1282 899 1529 938 Acharnensis,
1563 899 1777 932 caussidicus

1103 952 1179 978 tum
1197 946 1309 979 clarus
1328 952 1359 978 et
1377 952 1500 989 potens
1517 955 1597 988 501,
1617 956 1671 989 23.
1706 952 1778 978 erat

1103 992 1138 1024 in
1180 991 1354 1024 advocatis
1395 991 1462 1035 legi
1497 991 1651 1034 Leptinis
1692 991 1776 1024 ibid.

1106 1037 1274 1070 Chabriae
1319 1037 1416 1070 datos
1458 1037 1607 1070 honores
1649 1037 1778 1081 eripere

1104 1083 1231 1115 frustra
1248 1083 1415 1116 laboravit
1433 1092 1495 1125 501
1514 1094 1592 1126 pen.

1059 1128 1295 1169 Leodamanti,
1326 1129 1441 1162 nescio
1469 1141 1511 1162 an
1545 1128 1667 1168 eidem,
1697 1140 1776 1173 pro-

1102 1174 1192 1207 fecto
1217 1175 1336 1207 classis
1362 1175 1496 1208 Atticae
1521 1174 1777 1214 frumentariae,

1104 1231 1206 1253 naves
1226 1220 1405 1264 Philippus
1423 1220 1549 1254 ademit
1566 1231 1626 1263 per
1643 1221 1777 1265 Amyn-

1103 1272 1184 1305 tam,
1203 1266 1443 1309 imperatorem
1462 1277 1543 1299 suae
1560 1267 1678 1299 classis
1698 1278 1776 1311 249,

1108 1323 1158 1353 14.
1193 1323 1313 1344 verum
1334 1312 1407 1345 aliis
1428 1312 1462 1345 in
1485 1311 1662 1345 codicibus
1685 1319 1717 1346 et
1742 1313 1778 1346 in

1102 1358 1177 1399 ipsa
1210 1357 1358 1402 Philippi
1391 1358 1534 1401 epistola
1566 1370 1598 1401 p.
1631 1368 1709 1400 251,
1743 1370 1777 1403 3.

1104 1403 1296 1437 Laomedon
1313 1405 1514 1447 appellatur.

1059 1449 1230 1482 Leonidas
1259 1449 1302 1483 ad
1328 1450 1578 1495 Thermopylas
1611 1450 1777 1484 adversus

1105 1495 1254 1528 Xerxem
1269 1507 1431 1539 pugnans
1445 1508 1514 1529 una
1526 1508 1604 1530 cum
1620 1502 1714 1541 parte
1726 1496 1777 1530 di-

1102 1541 1210 1574 midia
1228 1541 1480 1575 Plataeensium
1497 1542 1661 1576 occubuit
1678 1552 1777 1587 1377,

1107 1598 1119 1620 1
1127 1596 1159 1631 5.

1059 1632 1255 1673 Leontidae,
1289 1633 1399 1667 tribus
1432 1633 1664 1674 Atheniensis,
1691 1646 1778 1679 quo-

1104 1690 1182 1712 rum
1199 1680 1361 1731 eponyrni
1378 1680 1520 1724 ejusque
1538 1680 1685 1714 filiarum
1705 1681 1778 1714 his-

1103 1725 1192 1758 toria
1210 1725 1390 1768 attingitur
1407 1726 1504 1770 1398,
1524 1739 1555 1767 4.

1059 1769 1259 1804 Leostratus
1278 1771 1476 1804 Eleusinius
1495 1773 1593 1815 1083,
1612 1773 1643 1805 8.

1059 1815 1220 1860 Leptines
1239 1823 1453 1861 rogationem
1471 1818 1594 1851 tulerat
1612 1824 1650 1851 ut
1670 1819 1779 1852 nemi-

1105 1863 1140 1895 ni
1164 1874 1350 1895 munerum
1375 1863 1594 1906 publicorum
1620 1870 1779 1898 sumtuo-

1106 1919 1224 1941 sorum
1270 1908 1447 1942 functione
1488 1921 1607 1942 vacare
1652 1911 1778 1944 liceret.

1107 1953 1209 1987 Hanc
1235 1955 1450 1998 rogationem
1478 1956 1661 2000 impugnat
1685 1968 1734 1990 or.
1761 1968 1780 1989 a

1106 2012 1138 2043 p
1158 2009 1236 2044 457
1255 1999 1298 2033 ad
1316 2012 1349 2044 p
1368 2001 1446 2044 508-

1061 2045 1255 2089 Leptines
1239 2061 1257 2078 o
1275 2045 1310 2078 ἐκ
1328 2047 1454 2089 Κοίλης
1470 2046 1509 2079 61
1521 2057 1549 2085 Ι,
1570 2057 1623 2079 22.

1061 2091 1174 2125 Lesbo
1194 2092 1290 2135 ejecti
1311 2093 1458 2136 tyranni,
1477 2092 1535 2135 qui
1557 2098 1636 2125 ante
1660 2103 1779 2135 pacem

1107 2149 1187 2170 cum
1202 2137 1399 2170 Alexandro
1415 2138 1466 2170 M.
1478 2138 1624 2171 fuissent
1638 2148 1715 2181 213,
1727 2149 1779 2181 19.

1063 2182 1175 2215 Leuca
1192 2188 1266 2215 acta
1284 2195 1344 2216 seu
1361 2183 1442 2216 litus
1457 2183 1645 2216 candidum
1659 2183 1714 2223 86,
1727 2183 1779 2216 16.

1062 2228 1204 2261 Leucas.
1248 2228 1406 2261 Leucada
1434 2228 1622 2262 Corinthiis
1652 2229 1782 2272 eripere

1108 2273 1261 2306 tentabat
1281 2274 1460 2325 Philippus
1480 2285 1600 2313 120,1.
1624 2285 1722 2318 1304,
1737 2275 1769 2307 8.

1063 2319 1188 2357 Leuco,
1212 2331 1270 2352 rex
1298 2319 1409 2358 Ponti,
1429 2320 1563 2353 civitate
1580 2320 1693 2353 Attica
1718 2319 1780 2353 do-

1108 2370 1209 2397 natus
1228 2365 1373 2406 466,12.
1407 2365 1452 2398 ob
1478 2366 1694 2409 plivilegium
1720 2377 1780 2399 ne-

1107 2410 1334 2453 gotiatoribus
1365 2411 1635 2444 Atheniensibus
1665 2411 1780 2445 indul-

1108 2462 1195 2495 tum,
1227 2462 1264 2489 ut
1296 2457 1470 2490 frumento
1500 2457 1643 2490 Pontico
1676 2469 1781 2490 naves

1109 2513 1188 2534 suas
1207 2508 1285 2535 ante
1298 2514 1418 2536 omnes
1435 2503 1616 2546 implerent
1632 2509 1664 2536 et
1678 2504 1780 2536 vecti-

1109 2547 1238 2591 galium
1272 2554 1386 2581 essent
1418 2549 1590 2582 immunes
1617 2548 1695 2589 466,
1725 2558 1779 2593 27.

1109 2594 1172 2626 alia
1192 2594 1264 2637 ejus
1288 2595 1461 2637 praeclara
1482 2594 1523 2627 de
1542 2594 1579 2627 P.
1599 2595 1640 2627 A.
1659 2595 1781 2627 merita

1108 2645 1355 2672 enumerantur
1372 2639 1453 2673 ibid.

1064 2683 1219 2718 Leuctra.
1261 2685 1439 2718 Leuctrica
1463 2686 1603 2718 victoria
1630 2686 1779 2719 insolen—

1108 2736 1158 2763 ter
1181 2731 1279 2763 abusi
1301 2737 1382 2764 sunt
1399 2731 1554 2764 Thebani
1574 2742 1650 2775 231,
1663 2744 1693 2772 4.
1715 2732 1780 2775 258

1109 2788 1185 2818 pen.
1221 2777 1364 2820 contigit
1390 2776 1553 2810 archonte
1572 2777 1780 2810 Phrasiclide

1112 2831 1209 2865 1357,
1228 2822 1277 2854 16.

1064 2867 1216 2906 Limnae,
1250 2869 1346 2901 locus
1388 2875 1481 2901 extra
1515 2868 1681 2907 Athenas,
1722 2868 1780 2901 11111

1108 2915 1275 2957 templum
1304 2914 1430 2947 Bacchi
1464 2914 1718 2958 antiquissimae
1748 2920 1779 2946 et
