1935 3200
307 128 419 168 1184
675 129 996 170 ADVERSUS
1030 131 1457 172 PHAENIPPUM.

368 247 487 287 1043,
509 248 572 287 15.
601 234 651 284 μὴ
685 235 1080 290 ἔχειν-χρήσομαι]
1131 237 1313 276 Videtur
1348 237 1616 290 Phaenippus
1660 238 1822 279 dedisse

305 289 499 336 libellum,
523 290 595 329 sed
628 290 688 330 ita
719 291 978 345 negligenter
1008 297 1051 332 et
1082 292 1250 333 confuse
1281 292 1494 346 scriptum,
1518 299 1565 333 ut
1596 294 1699 333 nihil
1728 294 1823 335 inde

307 344 411 385 certi
429 345 619 399 colligere
641 347 827 399 potuerit
848 353 1092 388 accusator:
1121 349 1245 403 idque
1261 349 1351 389 fieri
1374 350 1511 402 potuit
1528 350 1590 390 vel
1612 350 1825 403 imperitia

306 400 463 441 rustica
485 402 544 441 vel
568 402 796 443 calliditate
818 404 1044 444 adversarii
1068 405 1305 445 deterrendi
1327 420 1485 445 caussa.
1526 406 1721 446 WOLF.

368 458 573 510 1043,18.
605 459 947 511 πλέον-νέμειν]
983 461 1109 501 πλέον
1141 460 1162 510 ἦ
1200 463 1348 501 δίκαιόν
1382 463 1479 501 ἐστι.
1536 477 1613 501 own
1649 469 1701 502 est
1727 463 1826 516 plus

306 526 426 566 aequo
456 513 703 554 tribuendmn
720 530 732 553 .·
765 515 827 554 vel
854 530 929 555 non
957 517 1269 557 committendmn
1297 516 1400 557 vobis
1421 524 1477 557 est
1498 524 1540 557 snt
1563 518 1719 558 meliore
1741 534 1825 558 con-

306 568 455 609 ditione
477 569 555 610 sint
585 585 704 624 quam
734 572 891 611 caeteri.
943 572 1074 622 νέμειν
1095 573 1219 613 πλέον
1242 576 1309 612 τοῦ
1337 575 1482 613 δικαίου
1505 574 1591 613 ἀντὶ
1612 578 1678 613 τοῦ
1708 581 1825 615 πλεο-

307 629 459 665 νεκτεῖν
482 627 563 666 ἐᾶν.
598 627 789 667 WOLF.

367 694 487 735 1043,
506 694 570 722 22.
597 684 650 724 εἷς
670 683 713 721 τὸ
737 683 998 735 δικαστήριον]
1026 684 1104 724 κατ’
1121 687 1358 725 ἀντίπτωσιν
1382 686 1443 724 καὶ
1463 685 1691 735 προθέσεων
1709 688 1824 726 ἐναλ-

306 737 446 787 λαγὴν,
481 739 523 777 ἐν
553 739 603 791 τῷ
640 741 881 793 δικαστηρίῳ,
917 740 1024 780 sicut
1063 743 1116 782 εἰς
1151 741 1257 780 οἶκον
1289 741 1388 780 εἶναι
1421 742 1506 780 ἀντὶ
1541 745 1607 780 τοῦ
1640 743 1683 781 ἐν
1718 744 1820 796 οἴκῳ.

308 792 500 833 WOLF.
566 794 730 835 Utatur
764 795 841 834 hac
878 796 1042 836 ratione
1074 797 1142 849 qui
1174 796 1296 837 velit:
1333 796 1434 836 mihi
1471 811 1685 851 nunquam
1721 803 1824 851 puto

306 849 529 902 proba-tum
566 850 628 890 iri.
697 851 958 904 Omninoque
995 857 1111 892 totus
1147 852 1212 891 hic
1249 853 1362 892 locus
1399 853 1503 893 adeo
1541 853 1743 907 displicet,
1777 860 1825 895 ut

306 910 516 945 oratorem
557 906 684 946 etiam
724 907 856 947 multo
897 907 1132 948 inferiorem
1175 908 1460 948 Demosthene
1501 909 1603 949 talia
1645 910 1824 951 scribere

306 961 493 1013 potuisse
529 962 794 1003 vehementer
830 963 1031 1004 dubitem.
1097 964 1363 1018 Expendenti
1401 965 1686 1005 diversitatem
1728 967 1824 1006 scri-

306 1021 456 1069 pturae
487 1033 512 1058 a
544 1019 736 1058 Bekkero
767 1024 983 1060 enotatam
1006 1020 1170 1060 videtur
1201 1020 1259 1060 sic
1293 1020 1589 1075 corrigendus:
1624 1023 1755 1064 οἵτινις
1776 1023 1825 1062 ἂν

305 1073 374 1122 τὴν
396 1077 472 1113 τῶν
494 1076 622 1124 νόμων
644 1075 791 1126 φωνὴν,
814 1075 860 1125 ἣν
886 1077 1075 1127 ὑμετέραν
1103 1077 1202 1116 εἶναι
1235 1078 1429 1127 νομίζουσι
1462 1079 1557 1117 κατὰ
1588 1078 1656 1127 τὴν
1677 1078 1824 1129 ἡμέραν

306 1130 459 1179 ταύτην,
481 1131 577 1181 ὑπὲρ
599 1135 674 1170 τῶν
694 1131 933 1180 ἠδικημένων
956 1132 1055 1171 εἶναι
1079 1134 1274 1182 νομίζωσι,
1297 1133 1348 1182 μὴ
1370 1137 1445 1172 τῶν
1466 1134 1712 1183 ἠδικηκότων.
1759 1134 1823 1174 Ut

306 1184 375 1233 τὴν
398 1187 451 1227 εἰς
472 1186 515 1225 τὸ
537 1186 783 1237 δικαστήριον
803 1187 1005 1228 adleverit
1036 1188 1244 1242 interpres
1267 1203 1352 1237 sua,
1371 1189 1411 1228 h.
1429 1204 1463 1228 0.
1484 1189 1687 1229 citerioris
1709 1195 1822 1230 aeta·

305 1239 372 1288 tis,
396 1245 518 1281 utens
541 1242 796 1282 Graecitate.
842 1243 1095 1284 SCHAEF.

367 1310 487 1350 1043,
506 1298 570 1337 28.
597 1299 666 1348 τὴν
683 1298 938 1353 ἀπογραφήν]
963 1299 1079 1340 Citat
1102 1300 1141 1339 h.
1159 1300 1184 1340 l.
1206 1300 1518 1355 Harpocration
1538 1316 1572 1340 v.
1586 1300 1820 1353 Ἀπόφασις,

306 1352 375 1392 ubi
397 1353 458 1393 ait
480 1355 715 1405 ἀπογραφὴν
736 1354 845 1395 idem
868 1370 956 1395 esse
978 1360 1107 1409 atque
1130 1357 1346 1407 ἀπόφασιν.
1390 1357 1591 1397 REISK.

367 1422 487 1461 1044,
510 1423 572 1449 11.
600 1412 725 1463 (ὑμεῖς
746 1414 820 1462 γὰρ
843 1412 1025 1465 ἕθεσθε)]
1060 1412 1348 1453 Communicat
1370 1428 1460 1452 cum
1480 1412 1687 1466 judicibus
1711 1415 1821 1467 quod

306 1468 397 1504 erat
419 1470 494 1505 τῶν
515 1468 731 1518 προγόνων,
755 1467 904 1520 quibus
928 1468 1052 1508 Solon
1074 1469 1205 1522 legem
1228 1469 1395 1509 tulerat.
1443 1469 1692 1509 SGHAEF.

366 1534 486 1573 1044,
510 1534 571 1561 12.
594 1523 692 1571 τοὺς,
713 1522 741 1563 δ’
761 1526 1039 1577 ἀντιδιδόντας]
1074 1525 1181 1564 Sunt
1203 1525 1293 1578 ipsa
1315 1525 1416 1579 legis
1442 1525 1659 1565 Solonicae
1681 1525 1818 1573 verba,

305 1577 422 1629 cujus
444 1577 545 1632 legis
567 1582 731 1632 partem
753 1579 831 1619 huc
854 1585 1115 1633 spectantem
1137 1586 1280 1621 orator
1300 1581 1464 1621 recitat.
1508 1581 1757 1621 SOHAEF.

367 1647 486 1685 1044,
509 1645 572 1686 17.
601 1639 676 1674 τῶν
700 1637 741 1674 ἐν
763 1640 841 1677 τοῖς
872 1636 1176 1687 ἔργοις-ἀτελῆ
1207 1638 1454 1688 πεποιήκασι]
1493 1637 1668 1678 Metalla
1698 1652 1819 1691 prop-

303 1693 420 1729 terea
442 1689 621 1743 liturgiis
643 1691 878 1731 communia
900 1697 1019 1732 erant
1042 1693 1139 1745 quia
1159 1693 1337 1747 vectigal
1362 1708 1546 1733 :inunum
1563 1709 1588 1733 a
1608 1708 1819 1747 possesso-

305 1744 420 1784 ribus
441 1746 715 1799 pendebatur.
762 1747 815 1786 V.
843 1747 1116 1788 Schoemann.
1142 1748 1289 1801 Antiq.
1312 1749 1423 1802 publ.
1450 1764 1488 1802 p.
1512 1762 1608 1803 329.

366 1815 486 1853 1044,
510 1816 572 1855 19.
600 1803 770 1856 ἱκετεύω]
804 1803 898 1842 Non
920 1803 1303 1844 Demosthenicum.

365 1870 485 1909 1044,
518 1871 580 1897 20.
616 1859 791 1910 ἐπίσχες]
834 1859 1001 1899 Scilicet
1039 1860 1194 1904 σαυτὸν,
1228 1867 1273 1908 te,
1297 1861 1357 1900 vel
1394 1861 1463 1908 τὴν
1495 1860 1719 1910 ἀνάγνωσιν
1750 1865 1813 1900 τοῦ

306 1914 435 1963 νόμου.
480 1914 742 1955 recitationem
764 1915 855 1968 lesye's
868 1915 1082 1968 paulisper
1105 1915 1244 1963 inhibe,
1267 1917 1464 1969 suspende.
1513 1917 1713 1956 REISK.

367 1983 486 2021 1044,
511 1982 575 2009 21.
602 1971 943 2024 προεκαλεσάμην]
974 1972 1100 2025 Vulg.
1122 1972 1488 2023 προσεκαλεσάμην.
1532 1972 1704 2012 Com-exi
1725 1990 1817 2023 προ-

307 2026 566 2076 εκαλεσάμην.
621 2027 745 2066 detuli
786 2027 861 2080 ipsi
901 2028 1152 2080 sponsionem,
1192 2028 1348 2067 scilicet
1387 2043 1489 2076 eam,
1525 2043 1631 2081 quae
1670 2029 1816 2068 statim

306 2081 543 2121 declaratur
583 2087 624 2122 et
664 2083 786 2135 paulo
828 2088 923 2136 post
958 2098 996 2136 p.
1024 2085 1144 2134 1046,
1174 2097 1213 2136 3.
1248 2098 1411 2137 quoque
1452 2089 1812 2124 connnemoratur.

308 2137 512 2176 REISK.

374 2206 492 2244 1044,
528 2206 592 2234 22.
629 2195 791 2248 δωρεὰν]
852 2194 980 2243 Ultro,
1019 2202 1149 2248 spon-tc
1193 2211 1289 2245 mea,
1331 2196 1442 2236 nulla
1491 2196 1579 2250 lege
1624 2201 1813 2250 cogente.

307 2248 415 2287 REI
424 2250 495 2288 SK
504 2283 509 2288 .

369 2318 488 2356 1044,
516 2318 579 2358 23.
603 2305 829 2357 ἐλευθέραν]
868 2306 1097 2346 Immunem
1120 2306 1261 2346 debiti.
1309 2308 1567 2347 SCHAEF.

368 2373 486 2412 1045,
509 2375 548 2412 4.
571 2363 636 2402 τὰς
659 2363 802 2412 κριθὰς]
839 2362 1099 2401 Μο(111111111111
1120 2362 1329 2402 frumenti.
1373 2364 1575 2403 REISK.

365 2416 830 2468 ὀκτωκαιδεκαδράχμους]
851 2418 920 2457 τὸν
935 2419 1119 2467 μέδιμνον
1135 2420 1392 2458 ὀκτωκαίδεκα
1408 2423 1599 2471 δραχμῶν.
1624 2420 1813 2460 WOLF.

308 2472 361 2511 V.
383 2471 532 2525 Toupii
550 2472 725 2525 Epistol.
747 2473 798 2511 de
816 2473 1026 2514 Theocriti
1050 2474 1239 2526 Syracus.
1262 2489 1299 2527 p.
1323 2487 1418 2528 330.
1465 2476 1722 2515 SCHAEF.

364 2527 432 2567 τὸν
453 2528 578 2581 οἶνον]
620 2529 849 2568 Metretam
871 2529 965 2568 vini.
1009 2531 1210 2570 REISK.

364 2583 700 2636 δωδεκάδραχμον]
740 2584 981 2638 Phaenippo
1011 2585 1164 2638 itaque,
1198 2586 1230 2625 si
1261 2601 1394 2626 annus
1425 2587 1609 2626 eveniret
1640 2601 1814 2640 prosper

305 2644 347 2679 et
387 2640 515 2688 ferax,
557 2640 725 2680 fuerunt
764 2641 891 2680 annui
938 2641 1108 2689 reditus,
1152 2642 1192 2680 111
1231 2642 1438 2683 frumento
1475 2643 1640 2695 quidem
1678 2644 1813 2683 18000

307 2695 505 2743 drachm.,
537 2696 577 2735 in
599 2696 693 2735 vino
723 2701 865 2736 autem
897 2699 1018 2749 9600,
1042 2698 1118 2737 hoc
1149 2704 1213 2737 est
1235 2703 1415 2750 quatuor
1444 2699 1604 2739 talenta
1635 2713 1728 2737 cum
1758 2700 1813 2752 36

305 2751 438 2790 minis.
501 2753 624 2792 Adde
654 2752 833 2792 reditum
865 2767 886 2792 0
916 2752 1037 2806 lignis
1066 2757 1137 2803 (12
1166 2754 1350 2793 drachm.
1376 2754 1417 2793 in
1450 2754 1569 2802 diem,
1593 2755 1632 2793 h.
1657 2768 1691 2793 e.
1716 2759 1812 2807 post

306 2807 516 2847 detractos
553 2808 639 2847 dies
674 2808 815 2855 festos,
851 2808 999 2862 quibus
1035 2814 1258 2863 exportare
1293 2815 1336 2849 et
1369 2811 1545 2850 vendere
1579 2810 1691 2864 ligna
1726 2823 1809 2848 non

303 2862 474 2913 licebat)
497 2863 622 2903 ferme
650 2878 762 2916 4000
784 2865 967 2904 drachm.
991 2879 1061 2904 seu
1082 2879 1137 2916 40
1157 2865 1302 2905 minas.
1365 2866 1569 2906 Universe
1589 2877 1614 2919 5
1637 2865 1809 2913 talenta,

311 2920 358 2957 16
381 2918 529 2959 minae.
562 2920 754 2960 REISK.
806 2921 870 2960 De
891 2920 1027 2960 reditu
1046 2935 1067 2960 e
1083 2921 1204 2975 lignis
1222 2936 1257 2961 v.
1272 2923 1441 2974 p.1048,
1456 2923 1517 2961 16.
1556 2920 1805 2962 SOHAEF.
