1925 3215
600 117 658 153 IN
693 118 1122 153 nimios'rllENJcM.

152 217 319 250 munitate
362 216 580 259 vectigalium
626 216 828 259 exportandi

154 262 472 306 467‚10-933·13-

104 308 221 341 Thoas
240 307 331 351 apud
352 307 469 339 Oritas
488 306 631 350 l’hilippi
651 307 828 340 studiosus

158 353 230 390 126,
250 366 270 394 4

103 399 287 437 'l'horicus,
315 410 425 442 pagus
455 397 565 432 tribus
593 398 828 431 Acamantidis

151 445 304 488 996,23.
329 454 426 482 1001,
448 454 464 476 2
497 470 503 476 .

105 490 256 523 Thraces
287 489 506 533 popularium
542 501 686 522 suorum
721 491 827 523 nemi-

153 547 229 569 nem
248 536 312 579 ipsi
330 534 504 573 occidunt,
525 535 583 568 sed
609 536 828 578 perimendos

153 582 225 614 aliis
243 580 386 614 tradunt
403 580 483 624 677,
503 592 530 614 1.

104 627 270 660 Thraciae
293 638 390 668 reges
413 626 497 659 alios
519 626 614 670 ejecit
636 626 828 671 Philippus,

151 673 234 706 alios
253 672 399 705 instituit
424 683 473 715 13,
494 683 521 704 1.
543 672 670 715 oppida
688 673 828 715 trisrinta

152 718 222 751 duo
256 718 302 751 ita
329 717 464 755 delevit,
496 724 534 750 ut
567 729 610 750 ne
645 719 828 761 vestigium

151 763 290 808 quidem
315 774 434 796 earum
460 769 656 806 superesset
679 774 753 807 117,
773 775 827 797 21.

150 810 326 842 ’111111011111
354 807 480 852 oppida
506 809 554 841 sic
580 810 717 848 vastari,
742 810 829 843 ferre

151 855 273 888 animis
299 854 418 905 aequis
444 865 514 886 non
540 860 698 905 poterant
720 855 827 888 Athe-

152 901 301 939 nienses,
332 899 391 943 qui
425 899 562 932 illorum
597 900 680 933 socii
713 907 829 934 essent

152 957 304 989 234,11.
338 944 504 978 Thraciae
539 957 661 989 regum
696 958 750 979 res
785 946 827 979 ab

151 1003 294 1024 excessu
314 990 432 1034 Cotyis
451 990 518 1034 623
539 1003 590 1034 sq.

103 1037 250 1076 Thraso,
278 1036 377 1080 cujus
404 1036 439 1068 in
466 1036 610 1069 aedibus
638 1037 827 1070 Aeschines

151 1095 231 1116 cum
273 1081 445 1120 Anaxino,
481 1081 630 1125 Philippi
672 1084 827 1126 specula-

150 1134 235 1167 tore,
254 1129 341 1160 clam
366 1133 470 1160 noctu
495 1127 642 1160 Athenis
666 1129 828 1162 convenit

154 1184 231 1217 272,
251 1185 328 1216 pen.

103 1219 345 1262 Thrasybulus
368 1217 466 1268 Colly
471 1219 589 1257 tensis,
609 1220 766 1263 quamtis
793 1220 827 1252 in

150 1265 190 1297 iis
214 1265 346 1299 fuisset.
366 1263 424 1307 qui
447 1245 592 1307 'Phylam
617 1272 829 1308 occuparant

151 1316 183 1343 et
202 1315 367 1354 tyrannos
382 1321 399 1341 e
415 1309 552 1342 Piraeeo
571 1317 827 1354 oppugnarant,

150 1362 266 1388 tamen
284 1354 509 1398 postmodum
528 1356 649 1398 capitis
669 1368 826 1389 caussam

151 1413 266 1434 coram
286 1401 415 1444 populo
434 1400 486 1432 bis
508 1400 593 1433 dixit
611 1407 644 1434 et
661 1401 696 1434 in
714 1413 827 1435 carce-

151 1459 221 1479 rem
241 1446 367 1479 ductus
386 1445 450 1478 fuit
470 1455 547 1489 742,
568 1456 619 1489 15.

102 1492 345 1536 Thrasybulus
397 1491 584 1527 Stiliensis.
637 1492 828 1526 celebratus

150 1538 316 1571 libertatis
337 1537 601 1570 Atheniensium
620 1544 751 1577 auctor,
769 1540 827 1583 qui

151 1584 286 1627 plebem
323 1583 538 1615 exsulantem
572 1595 589 1615 e
626 1583 734 1628 Phyla
767 1584 827 1617 do-

151 1641 247 1662 mum
288 1628 425 1661 reduxit
458 1634 489 1661 et
531 1635 698 1671 tyrannos
731 1630 828 1673 ejecit

150 1686 230 1717 431,
263 1685 313 1707 12.
356 1673 529 1716 Ecphanti
566 1674 684 1707 Thasii
725 1687 829 1718 opera

149 1721 266 1753 Thaso
296 1719 426 1763 potitur
455 1729 534 1762 474,
552 1720 615 1753 ult.
644 1720 728 1753 item
758 1721 827 1764 By-

151 1766 263 1798 zantio
293 1776 395 1808 opera
420 1764 584 1798 Archebii
609 1771 642 1798 et
670 1766 827 1799 Heracli-

150 1811 212 1844 dae
231 1820 309 1855 475,
328 1821 361 1854 3.
387 1811 460 1854 ejus
478 1810 521 1843 ad
540 1810 707 1854 Abydum
725 1823 826 1855 expe—

151 1856 234 1889 ditio
252 1862 464 1890 memoratur
486 1867 585 1899 1302,
604 1858 656 1890 18.

102 1902 358 1946 Thrasybulus,
377 1901 467 1935 illius
486 1902 567 1935 clari
586 1902 688 1942 filius,
707 1902 825 1936 decem

150 1948 287 1980 talentis
304 1947 492 1980 mulctatus
513 1953 565 1980 est
582 1958 661 1991 431,
680 1959 732 1980 12.

102 1993 357 2037 'l'lirasybquS‚
392 1992 545 2025 Nicerati
586 1999 731 2036 patruus
767 2001 826 2027 aut

150 2039 356 2077 avunculus,
386 2049 450 2081 pro
483 2050 552 2082 quo
582 2038 744 2072 Eubulus
775 2039 825 2072 di—

150 2096 225 2118 cere
239 2084 350 2117 uoluit
362 2084 499 2116 tametsi
513 2090 661 2128 cognato
679 2095 758 2128 434,
775 2096 825 2128 15.

102 2130 356 2174 Thrasybulus,
375 2129 488 2162 clarus
506 2135 620 2162 orator
637 2140 717 2173 301,
737 2141 788 2174 19.

102 2175 359 2219 Thrasydaeus,
410 2174 612 2214 Thessalus,
670 2175 826 2219 proditor

150 2232 229 2264 324,
248 2222 280 2253 8.

102 2266 320 2310 Thrasyllus,
340 2266 539 2299 Eleusinius
562 2276 659 2307 1241,
677 2277 694 2299 2

102 2311 362 2356 ’1“111·115)’10011115
402 2311 654 2355 Anagyrasius,
696 2311 826 2345 Midiae

150 2357 265 2395 frater,
290 2356 564 2390 Demosthenem
587 2357 723 2390 vexavit
745 2367 825 2401 530,

151 2403 213 2435 ult.
249 2402 316 2435 Sed
341 2402 397 2435 hic
422 2403 521 2435 illum
546 2403 641 2436 ultus
667 2409 719 2436 est
745 2412 824 2446 540,

152 2458 206 2480 21.
233 2458 373 2490 operam
395 2448 533 2480 navavit
554 2448 729 2481 tutoribus
754 2448 826 2481 De-

150 2492 355 2531 mosthenis,
389 2503 458 2536 quo
500 2504 558 2525 eos
600 2499 749 2526 servaret
790 2493 826 2526 in

151 2538 343 2580 periculum
389 2537 432 2570 ab
478 2543 611 2570 oratore
655 2538 825 2572 adductos

151 2584 230 2623 841,
248 2594 279 2625 3.
306 2582 514 2615 trierarchus
531 2583 596 2616 fuit
618 2594 716 2622 1222,
737 2594 791 2624 24.

103 2627 374 2671 'l'hrasylochus,
431 2627 574 2660 forsitan
632 2628 825 2662 foenerator

156 2685 167 2706 1
176 2684 194 2706 2
202 2684 214 2706 1
220 2684 252 2711 0,
276 2684 287 2705 1
297 2682 327 2716 7.

103 2718 365 2762 Thrasylochus
407 2717 616 2757 Messenius,
660 2718 824 2752 Philiadis

152 2764 253 2802 filius,
273 2763 423 2806 Philippi
439 2763 617 2796 studiosus
635 2774 714 2807 324,
733 2775 785 2797 12.

103 2808 369 2860 Thrasymedes,
382 2808 573 2852 Diophanti
584 2809 686 2848 filius,
699 2809 824 2853 Sphet-

105 2860 404 2938 Τ111ἓῗῐεὲ211110111111
425 2898 521 2942 1356,
540 2900 603 2932 ult.
630 2898 727 2943 1386,
749 2908 777 2943 7.

102 2944 323 2979 ‘lhucritides
345 2955 443 2988 1304,
464 2954 518 2985 25.

1512 118 1608 151 141111

880 215 1101 247 'l'hucritidcs
1117 216 1211 251 alter,
1229 215 1327 247 1511115
1347 219 1490 257 patruus
1511 226 1607 257 1304,

930 271 981 304 27.

879 306 1080 343 'Plan-ritas,
1109 312 1203 348 pater
1236 305 1408 344 lfiuxitbci,
1435 306 1521 347 ejus,
1549 307 1607 350 qui

927 352 960 384 in
985 351 1191 384 liubulidem
1211 352 1281 393 egit
1305 362 1400 394 1311,
1424 355 1472 384 18.

879 397 1115 441 Τ11110)’1111105,
1143 397 1192 429 vir
1219 397 1308 429 circa
1336 403 1508 440 postrema
1538 397 1606 430 De-

927 442 1119 475 mosthenis
1139 448 1293 485 tempora
1311 443 1424 475 clarus
1439 443 1518 475 etin
1535 455 1605 486 rcp.

928 496 1048 531 potens
1073 499 1169 531 1329,
1191 499 1220 520 2.
1249 500 1267 520 11
1289 487 1481 520 'l'heocrine
1505 500 1606 521 110011-

927 540 1022 567 satus
1048 545 1143 577 1333,
1165 545 1219 566 22.

879 580 1196 624 Τ11γο5105,1”1111)111ι
1220 586 1258 612 tr¹
1253 580 1350 622 «1111011
1368 592 1446 622 441),
1467 581 1517 612 18.

878 626 1059 667 Tigranes,
1101 626 1235 669 legatus
1275 625 1364 666 regis
1410 625 1604 663 Persarum,

928 671 1178 715 Cyprothernin
1205 671 1309 704 Samo
1331 679 1516 714 tyrannum
1545 671 1606 703 iin-

926 717 1024 760 ponit
1047 728 1120 761 193,
1139 730 1170 758 4.

879 762 1159 805 Tilpliossaeum,
1209 761 1376 805 oppidum
1431 761 1605 801 Phocidis,

928 807 1110 851 Philippus
1145 819 1163 840 a
1197 820 1232 841 se
1267 807 1484 840 devastatum
1514 807 1606 840 Tbe-

926 853 1025 886 banis
1048 852 1258 886 condonavit
1277 854 1356 896 385,
1375 863 1394 895 5

878 899 1082 942 l'imagoras
1107 905 1217 931 morte
1240 900 1428 931 mulctatus
1450 909 1529 941 350,
1552 899 1604 930 26.

927 944 968 977 de
993 956 1115 977 caussa
1139 944 1297 987 supplicii
1321 945 1400 987 383,
1426 946 1473 976 18.
1513 943 1606 976 Leon

925 1001 1005 1022 eum
1031 990 1216 1029 accusavit,
1241 990 1299 1034 qui
1326 989 1440 1021 socius
1464 990 1606 1031 legatio-

926 1035 978 1068 nis
1013 1036 1042 1068 ei
1085 1047 1145 1078 per
1185 1035 1452 1079 quadriennium
1496 1035 1607 1067 suerat

927 1091 1006 1122 400,
1038 1093 1116 1124 pen.
1156 1081 1384 1114 conciliarunt
1418 1079 1452 1112 hi
1488 1092 1606 1123 pacem

926 1126 976 1159 ἐπ’
1001 1126 1221 1160 Ἀνταλκίδου
1246 1126 1386 1159 dictam.
1422 1125 1539 1158 Schol.
1563 1125 1607 1158 ad

926 1183 1005 1215 419,
1026 1183 1080 1204 21.

879 1217 1133 1256 Timanoridas,
1150 1217 1365 1255 Corinthius,
1382 1223 1515 1249 amator
1535 1217 1605 1250 Ne-

926 1274 1021 1296 aerae
1046 1273 1142 1307 1354,
1164 1274 1214 1295 11.

878 1308 1097 1347 Timarchus,
1132 1309 1308 1342 instruens
1350 1308 1604 1341 accusationem

927 1354 1108 1387 Aeschinis
1141 1354 1183 1387 de
1223 1354 1393 1397 legatione
1438 1353 1605 1397 flagitiose

925 1400 1018 1433 obita
1036 1407 1068 1433 et
1087 1399 1262 1443 republica
1279 1400 1366 1432 male
1384 1405 1491 1440 gesta,
1508 1411 1604 1443 prae—

926 1452 1051 1478 ventus
1069 1445 1111 1478 ab
1126 1445 1298 1478 Aeschine
1316 1445 1502 1488 probrosae
1517 1445 1604 1478 vitae

927 1497 1067 1524 notatur
1091 1492 1242 1534 341,18.
1270 1501 1349 1534 413,
1371 1500 1424 1533 27.
1452 1490 1603 1530 416,18.

925 1537 1140 1579 rogationem
1165 1537 1256 1576 tulit,
1281 1542 1332 1575 ut,
1356 1536 1414 1580 qui
1444 1536 1603 1579 Philippo

925 1594 1020 1615 arma
1049 1589 1081 1615 et
1110 1582 1343 1615 instrumenta
1377 1581 1457 1614 belli
1494 1581 1604 1614 admi-

925 1628 1116 1666 nistrasset,
1156 1628 1183 1661 is
1226 1634 1336 1660 morte
1378 1628 1603 1660 mulctaretur

925 1684 1004 1716 4332
1024 1684 1057 1716 5-
1387 1718 1391 1723 ,
1487 1718 1492 1723 ,

877 1719 1103 1758 Timocrates,
1122 1719 1157 1751 in
1183 1730 1285 1763 quem
1309 1724 1417 1751 oratio
1440 1724 1511 1761 agit
1532 1730 1551 1750 a
1569 1730 1601 1761 p.

927 1774 1003 1808 700.
1023 1764 1065 1797 ad
1086 1777 1120 1808 p.
1142 1764 1218 1808 767.
1246 1776 1343 1797 reum
1369 1775 1475 1806 agens
1502 1775 1602 1807 roga-

924 1810 1028 1842 tionis
1058 1816 1091 1843 et
1121 1811 1243 1842 noxiae
1273 1816 1305 1842 et
1331 1821 1349 1841 a
1375 1815 1493 1841 tenore
1513 1809 1602 1852 juris

925 1856 1033 1888 civilis
1053 1855 1281 1888 abhorrentis.
1311 1854 1514 1897 Rogationis
1533 1855 1602 1887 for-

925 1902 1019 1933 mula
1041 1901 1167 1944 legitur
1191 1913 1223 1943 p.
1245 1911 1323 1943 712,
1343 1900 1393 1932 18.
1422 1900 1486 1932 alia
1511 1900 1602 1943 ejus-

925 1945 1003 1979 dem
1021 1946 1228 1979 Timocratis
1251 1945 1384 1989 rogatio
1403 1945 1449 1977 illi
1474 1957 1600 1989 repug-

924 2003 1012 2025 nans
1037 1992 1184 2036 720,18.
1211 1996 1391 2024 accusator
1417 1990 1543 2023 dicitur
1568 1996 1601 2023 et

926 2037 1054 2070 Midiae
1076 2036 1255 2070 studiosus
1273 2036 1352 2079 560,
1372 2047 1404 2079 3.
1432 2036 1600 2069 honorem

924 2083 1115 2126 quaestoris
1142 2083 1249 2125 gessit
1278 2094 1358 2115 cum
1384 2081 1602 2114 Androtione

926 2138 1002 2172 734
1032 2129 1093 2161 ult.
1128 2127 1302 2161 Videntur
1334 2127 1429 2160 hunc
1462 2139 1601 2171 quoque

924 2174 1117 2215 significare
1134 2173 1170 2206 111
1187 2174 1276 2206 1001
1299 2174 1430 2216 853,2.
1454 2182 1599 2216 1017,1.

928 2229 1026 2262 1025,
1045 2220 1108 2252 ult.

875 2264 1088 2298 Timocrates
1114 2264 1256 2298 Archon
1282 2270 1369 2303 tum,
1393 2275 1503 2308 quum
1530 2263 1600 2296 De—

922 2310 1122 2344 mosthenes
1175 2311 1219 2354 A1
1221 2309 1366 2343 ihohum
1423 2316 1601 2342 accusaret

923 2356 1003 2399 869,
1023 2368 1055 2397 4.
1082 2357 1161 2400 873,
1180 2367 1231 2388 11.
1270 2355 1378 2388 Estne
1407 2354 1511 2394 idem,
1541 2355 1600 2405 qui

924 2400 1088 2434 Onetoris
1108 2412 1260 2434 sororem
1277 2400 1426 2444 Aphobo
1444 2399 1599 2443 permisit

923 2446 1002 2485 866,
1021 2459 1077 2488 44.
1094 2450 1105 2479 ?
1133 2458 1201 2490 qua
1228 2446 1271 2479 de
1298 2445 1440 2478 muliere
1467 2445 1600 2477 multus

922 2491 957 2524 in
983 2493 1048 2525 ista
1073 2492 1227 2525 oratione
1252 2491 1288 2524 in
1315 2490 1505 2524 Onetorem
1529 2501 1599 2522 ser—

921 2549 980 2570 mo
998 2537 1047 2570 fit.

874 2582 1087 2615 Timocrates
1106 2581 1300 2614 Melitensis
1323 2590 1421 2624 1310,
1439 2591 1491 2613 10.
1512 2581 1566 2612 28.

874 2627 1114 2665 Timodemus,
1133 2626 1308 2669 trapezita,
1326 2636 1484 2658 mensam
1504 2636 1599 2658 ever-

922 2672 1129 2716 tit953›16
1148 2680 1228 2715 959
1249 2681 1302 2714 27

875 2717 1054 2750 Timolaus
1070 2717 1209 2749 Thebas
1227 2714 1379 2759 prodidit
1398 2726 1475 2756 241,
1496 2715 1550 2748 26.

875 2761 1123 2795 'limomachus
1149 2761 1192 2794 ab
1210 2760 1423 2804 Apollodoro
1442 2760 1599 2793 Pasionis

923 2812 1105 2840 accusatus
1139 2806 1217 2850 960,
1252 2817 1330 2850 pen.
1369 2817 1456 2850 quae
1489 2806 1598 2838 oratio

922 2852 1025 2886 hodie
1058 2863 1129 2885 non
1166 2857 1333 2895 superest.
1374 2851 1598 2894 largitionum

923 2909 1002 2930 reus
1021 2903 1073 2930 est
1090 2905 1187 2931 actus
1205 2897 1284 2941 398,
1305 2908 1335 2930 2.
1371 2896 1407 2929 Si
1424 2895 1515 2929 idem
1534 2896 1598 2929 fuit

924 2954 1003 2976 cum
1028 2948 1218 2976 memorato
1244 2954 1276 2986 p.
1299 2942 1378 2984 658,
1402 2942 1477 2981 ult.,
1504 2941 1597 2984 vide-
