1935 3200
292 103 396 145 1476

290 204 392 243 E'i'on,
411 203 526 241 Ἡϊὼν,
553 203 646 247 apud
679 203 918 248 Amphipolin.
945 203 1016 237 bel-

335 251 408 283 lum
426 250 474 283 ibi
491 256 631 293 gestum
647 258 725 294 173,
744 258 778 291 5.
798 250 876 294 687,
894 260 923 283 1.

288 296 419 335 Elatea,
457 295 626 339 oppidum
668 295 831 329 Phocidis
863 304 941 340 275,
964 306 1016 339 13.

334 342 495 385 Philippo
513 353 588 375 eam
607 341 726 375 subito
744 342 910 385 rapiente,
925 341 1017 375 The-

334 387 428 425 bani,
449 399 487 420 ea
511 399 547 420 re
570 393 602 420 et
628 388 753 420 offensi
777 393 810 421 et
835 387 1017 431 perterriti,

334 433 377 467 ab
396 433 469 477 ejus
488 434 649 466 societate
664 433 870 466 deficiebant
888 439 920 466 et
937 445 1018 467 curn

335 479 608 512 Atheniensibus
638 479 752 523 juncti
786 478 1017 512 Macedonem

335 525 552 569 expellebant
571 525 650 569 278,
668 525 720 558 16.
772 525 955 569 Philippus
981 526 1017 558 in

334 583 370 604 se
411 572 538 615 recepit
579 571 766 605 moenibus
809 571 1017 615 cingendam

336 617 392 661 69,
409 618 460 651 18.

289 663 418 702 Elatea,
437 663 606 707 oppidum
634 662 832 707 Cassopiae.
884 662 1016 715 Philip-

334 721 400 753 pus
415 709 627 748 Alexandro,
646 708 878 752 Olympiadis,
897 710 1016 743 uxoris

335 767 428 794 suae,
448 755 541 788 fmti
535 767 556 794 1,
576 755 728 788 donabat
746 756 800 797 84,
821 766 876 799 23.

289 800 363 834 Elei
391 782 618 845 'Fi-iphyliam‚
649 801 691 834 ab
720 800 916 835 Arcadibus
951 801 1016 835 sibi

334 853 486 891 ereptam
496 847 690 880 Pisatarum
702 847 829 880 auxilio
844 847 1014 887 subnixis,

334 893 535 937 repetebant
556 892 634 932 206,
653 902 685 936 5.
728 905 769 926 ex
793 893 859 926 hoc
885 894 1015 937 populo

335 939 484 972 studiosi
526 938 678 983 Philippi
716 939 944 972 nominantur
980 952 1013 983 p.

334 996 415 1029 324,
432 996 484 1018 10.

288 1030 408 1070 Eleus,
439 1031 609 1069 Eleuntis‚
640 1030 808 1075 oppidum
840 1030 1014 1064 Cherrlio-

334 1077 409 1110 nesi
428 1077 506 1119 256,
527 1088 581 1110 22.
601 1076 682 1121 672,
702 1088 757 1110 20.

290 1122 438 1163 Eleusis,
461 1123 629 1167 oppidum
652 1123 798 1163 Atticae,
818 1122 860 1156 ad
877 1134 952 1157 120.
971 1123 1014 1157 ab

333 1169 420 1202 urbe
446 1169 555 1202 stadia
580 1169 658 1212 238,
675 1169 727 1202 18.
765 1175 863 1213 capta
888 1181 906 1202 a
933 1169 1013 1202 Phi-

333 1215 427 1258 lippo
466 1215 596 1253 Elatea,
640 1214 845 1248 hortabatur
885 1215 1013 1248 Demo—

334 1262 473 1294 sthenes
500 1261 730 1294 Athenienses
764 1266 802 1294 ut
832 1260 874 1294 ad
910 1261 1013 1294 Eleu-

334 1307 409 1339 sina
427 1307 548 1340 armati
575 1306 753 1350 prodirent
770 1318 848 1351 290,
864 1315 896 1348 5.
927 1312 1013 1340 tem-

333 1353 430 1396 plum
461 1359 652 1397 augustum
679 1352 814 1386 Cereris
844 1353 892 1386 ibi
914 1354 1013 1397 1385,

335 1410 367 1441 ζ’.

288 1445 367 1478 Elin
394 1445 429 1477 in
454 1444 693 1488 Peloponneso
719 1444 857 1477 tenebat
882 1444 1012 1488 Philip-

334 1503 400 1534 pus
419 1491 493 1529 118,
513 1500 545 1533 5.
580 1490 744 1524 caedibus
763 1490 810 1523 ibi
833 1496 1012 1542 grassatus

333 1543 384 1570 est
412 1547 475 1581 133
501 1538 564 1570 ult.
592 1548 672 1579 424
702 1547 756 1569 22.
810 1537 863 1569 vel
896 1537 1012 1580 potius

333 1583 436 1616 factio
463 1583 548 1627 ejus
585 1583 873 1627 gubernationem
900 1595 1011 1626 popu-

332 1629 437 1661 larem
456 1629 502 1661 ibi
522 1629 661 1661 sustulit
680 1637 759 1672 435
776 1629 827 1661 18.

288 1674 316 1707 κ
320 1675 416 1718 lpias
431 1674 683 1718 ludimagister,
698 1686 753 1707 cui
768 1686 822 1707 sei
828 1687 838 1707 ἰ
836 1674 913 1707 1330
924 1675 954 1707 T
957 1686 1011 1707 ro-

332 1726 470 1760 metem,
492 1720 675 1754 Aeschinis
702 1726 846 1764 patrem,
873 1721 918 1753 ait
942 1721 1011 1754 De-

331 1766 532 1799 mosthenes
552 1775 630 1810 270,
653 1775 682 1810 7.

286 1812 433 1851 Endius,
455 1812 620 1857 Epigenis
641 1812 878 1856 Lamptrensis
906 1812 1011 1851 filius,

336 1869 435 1900 1104,
456 1870 483 1891 1.

286 1904 496 1948 Epaenetus,
515 1904 683 1943 Andrius,
708 1910 841 1937 amator
860 1904 1011 1937 Neaerae

336 1950 433 1994 1366,
463 1950 516 1983 26.
558 1950 612 1989 113,
640 1962 726 1994 quae
760 1951 790 1983 ei
824 1962 903 1983 011111
935 1950 1011 1984 Ste-

330 1996 446 2039 phano
465 1996 542 2033 fuit.
561 2002 721 2029 narratur
738 1996 822 2029 ibid.
842 2002 873 2029 et
893 2008 968 2041 sqq.

286 2041 470 2085 Eperatus,
486 2042 659 2075 Tenedius
677 2053 763 2085 1223
781 2043 844 2075 ult.

286 2088 477 2131 Ephialtes,
500 2100 600 2132 quem
631 2088 828 2121 Alexander
854 2088 905 2120 M.
932 2094 1011 2131 post

331 2133 532 2166 Thebarum
555 2133 729 2166 excidium
750 2146 820 2167 una
841 2145 920 2167 cum
940 2134 1011 2166 De-

332 2179 514 2212 mosthene
546 2180 689 2223 aliisque
730 2179 925 2212 oratoribus
967 2179 1010 2212 ad

334 2225 543 2268 supplicium
563 2225 764 2268 depoposcit
783 2226 881 2266 1482,
902 2225 933 2257 6.

288 2270 487 2314 Epicer<leS‚
507 2270 717 2313 Cyrenaeus,
736 2270 1009 2304 Atheniensibus

333 2328 495 2359 magnam
534 2317 627 2348 illam
662 2316 697 2348 in
733 2316 847 2349 Sicilia
877 2316 1009 2349 cladem

333 2362 444 2406 passis
472 2367 612 2395 centum
641 2362 752 2394 minas
783 2361 876 2394 dono
903 2361 1010 2405 dedit,

333 2414 365 2441 et
383 2419 523 2441 rursum
545 2409 711 2441 talentum
734 2407 911 2440 exsulibus
938 2407 1008 2441 bel-

331 2455 404 2487 lum
423 2453 588 2486 adversus
607 2454 749 2497 triffinta
765 2459 931 2497 tyrannos
949 2465 1008 2497 ge-

332 2500 488 2533 rentibus
507 2500 586 2543 469
603 2499 642 2532 16
662 2511 712 2544 sq.

287 2546 486 2590 Epichmes,
509 2557 548 2578 ax
552 2557 593 2578 us
619 2545 710 2578 illius
738 2544 930 2588 Epicharis,
950 2546 1009 2589 qui

332 2593 366 2624 in
401 2591 629 2624 'lheociinem
672 2591 769 2629 dixit,
811 2603 936 2635 pueros
973 2603 1008 2623 111

332 2637 424 2670 ludis
456 2637 648 2681 Olympicis
683 2617 794 2670 stadio
834 2637 913 2669 vicit
952 2648 1008 2670 eo-

331 2695 397 2727 que
425 2684 594 2726 gloriamp
628 2683 732 2716 atriae
765 2683 895 2726 peperit
922 2693 1006 2726 1342

332 2730 395 2761 1111.

288 2774 485 2818 Epic-hares,
509 2774 599 2807 1111113
626 2786 745 2818 nepos,
764 2785 921 2807 caussam
947 2773 1007 2807 ad-

332 2832 452 2853 versus
470 2820 697 2853 Theocrinem
717 2820 786 2864 egit
804 2831 888 2863 1322
909 2831 959 2865 sq.

287 2865 486 2909 Epichares,
522 2865 716 2909 Sicyonius,
752 2865 912 2910 Philippo
947 2865 1006 2899 ad-

333 2911 443 2943 dictus
462 2922 540 2953 324.
558 2922 608 2954 13.

787 104 962 139 INDEX
993 104 1312 141 HISTORICUS

1069 204 1260 248 Epicrates,
1275 204 1319 238 ob
1334 205 1541 249 legationem
1556 207 1643 240 male
1660 213 1794 251 gestam

1114 257 1225 284 morte
1246 252 1426 290 multatus,
1444 251 1496 284 vir
1513 251 1595 285 alias
1613 253 1743 296 probus
1762 260 1794 287 et

1114 308 1155 329 ex
1181 297 1234 336 iis,
1253 297 1313 341 qui
1339 297 1508 341 populum
1535 297 1572 330 in
1594 298 1718 332 urbem
1740 311 1793 332 re-

1114 342 1244 376 duxere
1258 353 1337 386 430,
1351 354 1383 384 4.
1417 354 1449 376 v.
1465 342 1636 387 Harpocr.
1649 345 1708 389 qui
1721 350 1791 378 tres

1115 389 1341 432 cognomines
1360 396 1621 423 commemorat.

1068 434 1258 478 Epicrates,
1289 446 1393 479 quem
1426 434 1696 476 Demosthenes,
1733 448 1795 470 seu

1114 480 1271 524 quisquis
1290 486 1411 513 auctor
1428 487 1479 513 est
1496 480 1602 514 libelli
1625 483 1793 523 amatorii,

1112 526 1267 559 laudavit
1285 537 1367 567 1401
1387 538 1438 571 sq.

1068 572 1248 615 Epicrates
1269 573 1346 616 708,
1367 583 1421 615 23.

1068 618 1241 662 Epigenes
1260 618 1498 662 Lamptrensis
1518 630 1617 660 1104,
1634 630 1662 652 1.

1067 664 1236 707 Epinicus
1257 675 1339 715 1491
1358 665 1420 697 ult.

1067 709 1254 761 Epitimus,
1282 722 1317 743 111
1343 722 1447 761 quem
1469 710 1597 743 Aratus
1623 709 1793 753 ἐνδείξεως

1113 756 1283 789 actionem
1301 756 1451 789 instituit
1469 756 1569 800 1489,
1586 756 1640 789 28.

1067 801 1248 841 Erasicles,
1276 802 1489 846 gubernator
1520 801 1617 835 navis
1640 813 1721 847 929,
1740 814 1790 847 13.

1112 859 1191 892 934,
1211 857 1263 891 15.

1067 893 1293 932 Erechtheus,
1320 893 1421 926 heros
1451 905 1646 938 eponymus
1678 894 1792 928 tribus

1113 939 1404 973 Erechthidarum
1426 949 1525 984 1397,
1542 949 1594 984 17.

1066 985 1207 1025 Eresus,
1227 985 1395 1029 oppidum
1416 985 1518 1018 Lesbi
1537 996 1615 1030 213,
1632 996 1684 1030 19.

1065 1031 1209 1070 Eretria,
1228 1031 1397 1075 oppidum
1418 1031 1581 1064 Euboeae
1607 1043 1625 1064 e
1651 1032 1791 1073 regione

1111 1077 1245 1110 Atticae
1275 1077 1330 1121 98,
1360 1076 1414 1110 26.
1459 1077 1520 1110 ubi
1550 1077 1743 1121 tyrannidis
1772 1090 1792 1111 a

1112 1123 1272 1166 Philippo
1295 1123 1342 1156 ibi
1367 1123 1575 1156 constitutae
1597 1124 1726 1156 mentio
1753 1123 1791 1157 fit

1114 1180 1188 1213 119,
1210 1180 1264 1202 21.
1287 1178 1362 1212 125,
1379 1170 1430 1202 18.
1476 1168 1568 1201 idem
1598 1169 1651 1202 bis
1681 1169 1790 1203 rebel-

1110 1216 1219 1248 lantes
1255 1215 1442 1258 compescit
1472 1223 1532 1256 125
1566 1215 1629 1248 ult.
1682 1215 1789 1249 Athe-

1110 1261 1247 1294 nienses
1283 1260 1452 1294 Eretriam
1492 1272 1510 1293 a
1545 1260 1702 1294 Clearchi
1736 1267 1789 1306 ty-

1111 1307 1254 1340 rannide
1279 1307 1481 1346 liberarunt,
1500 1313 1639 1340 auctore
1659 1306 1787 1340 Demo-

1111 1352 1232 1386 sthene
1262 1362 1340 1394 252,
1370 1362 1402 1396 5,
1432 1358 1464 1386 et
1490 1364 1542 1397 19.
1576 1353 1704 1397 787,1.
1748 1365 1789 1387 ex

1112 1399 1245 1432 Eiffenia
1276 1399 1376 1431 Datis
1407 1398 1510 1432 Persa
1542 1398 1579 1431 in
1610 1398 1789 1457 Maratho-

1111 1445 1205 1478 niam
1222 1445 1354 1489 trajecit
1371 1453 1510 1488 1377,5
1518 1470 1524 1477 .

1064 1491 1221 1535 Elgisca,
1238 1490 1407 1534 oppidum
1423 1490 1588 1523 Thraciae
1606 1490 1649 1534 85
1667 1491 1729 1524 ult.

1065 1537 1229 1580 Ergocles
1262 1537 1440 1580 peculatus
1472 1542 1531 1570 aut
1564 1537 1788 1580 largitionum

1110 1595 1189 1616 reus
1210 1583 1290 1627 398,
1309 1594 1342 1626 3.

1066 1628 1277 1673 Ergophilus
1319 1627 1475 1672 ejusdem
1515 1628 1668 1662 criminis
1709 1640 1789 1662 reus

1110 1678 1189 1719 398,
1218 1686 1248 1707 2.
1291 1674 1428 1707 videtur
1461 1673 1552 1707 idem
1595 1686 1669 1707 esse
1708 1686 1789 1708 cum

1109 1726 1379 1754 commemorato
1397 1732 1431 1763 p.
1451 1720 1529 1763 655,
1551 1731 1581 1752 2.
1625 1720 1680 1753 0111
1701 1721 1787 1754 clas-

1110 1778 1182 1800 sem
1206 1767 1357 1799 Atticam
1384 1766 1419 1798 in
1443 1766 1590 1799 Thracia
1617 1777 1700 1799 cum
1723 1767 1787 1800 im-

1110 1813 1203 1856 perio
1222 1823 1385 1856 supremo
1399 1812 1510 1845 tuenti
1524 1812 1689 1845 Autocles
1709 1824 1787 1846 suc-

1110 1870 1225 1892 cessor
1242 1858 1307 1892 fuit
1324 1858 1462 1891 missus.

1060 1904 1184 1948 Ἐρμῆς
1223 1904 1441 1948 ψιθυριστὴς,
1481 1903 1612 1936 Herma
1645 1904 1787 1949 quidam

1109 1950 1268 1990 Athenis,
1288 1951 1336 1983 sic
1356 1949 1468 1983 dictus
1487 1950 1585 1993 1358,
1607 1958 1637 1994 7.

1064 1997 1220 2041 Eryxias,
1239 1996 1407 2033 medicus,
1426 2008 1443 2029 e
1462 1995 1599 2029 Piraeeo
1617 1995 1696 2040 898,
1714 2006 1747 2040 9.

1062 2043 1091 2076 F
1079 2055 1132 2087 r)
1137 2042 1328 2094 ximachus,
1346 2041 1515 2075 Chabriae
1534 2041 1705 2084 κηδεστὴς,
1720 2041 1786 2075 hoc

1108 2095 1172 2128 est,
1191 2088 1226 2121 ni
1244 2088 1354 2127 fallor,
1373 2099 1478 2131 gener
1494 2086 1593 2127 1016,
1612 2099 1640 2120 1.

1063 2134 1207 2167 Euaeon
1227 2134 1398 2167 Boeotum
1423 2133 1572 2178 aliquem
1598 2133 1643 2166 ob
1666 2144 1785 2177 accep-

1107 2185 1178 2213 tam
1194 2180 1331 2223 plagam
1345 2179 1515 2212 interemit
1529 2187 1608 2222 537,
1624 2189 1678 2212 20.
1700 2190 1785 2223 qua-

1107 2231 1249 2276 propter
1272 2225 1463 2268 ignominia
1486 2230 1626 2258 notatus
1651 2236 1712 2257 seu
1730 2236 1784 2258 ca-

1107 2271 1174 2314 pite
1192 2271 1350 2303 minutus
1368 2270 1432 2303 fuit
1450 2270 1529 2314 538,
1550 2281 1603 2313 23.

1062 2317 1252 2359 Euagoras,
1276 2328 1335 2349 rex
1357 2315 1473 2360 Cypri,
1495 2315 1538 2348 ab
1562 2315 1783 2349 Atheniensi-

1107 2362 1172 2395 bus
1191 2362 1325 2395 civitate
1344 2361 1493 2394 donatus
1512 2360 1587 2400 161,
1604 2373 1655 2394 11.

1061 2407 1235 2446 Euander,
1271 2407 1414 2440 Archon
1452 2419 1523 2440 non
1562 2408 1673 2440 multo
1706 2413 1784 2441 ante

1107 2459 1191 2486 orat.
1220 2454 1254 2486 in
1283 2454 1515 2486 Timocratem
1546 2452 1673 2486 dictam
1705 2462 1782 2497 743,

1111 2501 1162 2532 18.

1062 2545 1237 2584 Euander,
1252 2544 1475 2588 Thespiensis
1493 2553 1571 2588 571,
1593 2555 1647 2577 20.

1062 2590 1240 2623 Euboeam
1269 2590 1443 2623 Thebanis
1477 2590 1700 2634 rapientibus,
1734 2591 1783 2623 A-

1109 2636 1317 2675 thenienses,
1335 2642 1473 2669 auctore
1486 2635 1679 2675 Timotheo,
1699 2635 1782 2669 sub-

1107 2682 1153 2715 ita
1182 2682 1398 2726 expeditione
1427 2681 1619 2715 liberabant
1636 2682 1710 2721 108,
1729 2692 1781 2714 12.

1108 2737 1185 2771 205,
1206 2737 1260 2772 25.
1302 2727 1504 2771 Amphipoli
1534 2726 1647 2760 adhuc
1677 2727 1780 2766 salva,

1107 2773 1141 2806 id
1160 2773 1254 2818 quod
1272 2785 1312 2806 ex
1331 2785 1370 2806 eo
1388 2778 1533 2811 constat,
1550 2772 1644 2817 quod
1662 2772 1704 2805 de
1721 2772 1781 2805 ad—

1106 2825 1211 2852 ventu
1252 2820 1446 2863 legatorum
1480 2818 1780 2862 Amphipolitano-

1106 2877 1182 2898 rum
1202 2877 1234 2908 p.
1252 2876 1263 2897 1
1275 2876 1303 2905 1,
1320 2875 1371 2898 11.
1390 2870 1559 2897 narratur.
1601 2864 1682 2897 item
1703 2869 1781 2897 ante

1105 2911 1357 2954 expeditionem
1373 2909 1615 2954 Olynthiacam
1629 2909 1708 2953 566,
1725 2920 1778 2942 22.
