1935 3200
257 140 371 182 1456
836 139 1182 181 EPISTOLAE.

256 247 492 297 παρασκευῇ.
535 245 576 285 in
598 245 670 284 hac
691 259 732 284 re
754 245 1023 298 comparanda
1050 251 1084 284 et
1107 244 1349 298 pemqmcda,
1372 243 1609 284 collectione
1636 244 1763 283 mulc-

256 308 325 342 tae
345 306 461 355 puta.
499 300 688 340 REISK.
752 300 846 340 Non
867 301 1046 346 mulctae,
1070 301 1142 340 sed
1165 304 1240 339 τῶν
1262 304 1420 349 λοιπῶν,
1444 314 1576 340 eoram
1597 314 1694 354 quae
1715 300 1763 340 de

257 358 353 397 meis
374 356 480 396 bonis
503 358 656 410 reliqua
677 363 779 396 sunt.
823 355 1072 396 SOHAEF.

319 414 439 466 1485,
464 415 500 452 6.
522 413 738 465 ἠλέγχθην]
771 414 921 462 λαβών.
966 413 1224 452 SCHAEF.

317 471 350 508 εἰ
385 471 561 510 δὲ--εἰς
596 468 678 520 ἐμέ]
733 468 848 509 Citat
883 469 923 508 h.
959 469 983 508 l.
1020 468 1228 508 Aristides
1253 467 1330 507 vol.
1366 480 1401 507 2.
1435 482 1474 521 p.
1509 478 1603 521 450.
1637 467 1763 507 Jebb.

261 525 511 565 SOHAEF.

317 583 350 620 εἰ
378 583 418 620 δὲ
442 581 628 633 τάφανὲς]
668 583 701 620 εἰ
721 580 749 620 δ’
768 581 954 631 ἐπιφανὲς
984 594 1127 634 margo
1158 579 1418 620 Lutetianae.
1461 581 1493 619 εἰ
1522 581 1563 618 δὲ
1593 580 1633 618 τὸ
1662 596 1765 631 περι-

260 639 384 687 φανὲς
406 636 615 677 Aristides
635 636 766 689 Τέχνῃ
788 651 827 689 p.
853 649 945 677 202.
1007 636 1091 676 Pro
1121 637 1291 687 τᾶφανὲς
1324 635 1463 675 malim
1494 636 1690 685 τάδρανὲς,
1722 634 1763 674 id

259 698 324 733 est
356 693 398 732 τὸ
432 693 605 743 ἀδρανές.
648 693 882 739 mffl‘cz'dam,
914 692 1157 746 Zawym‘dam,
1190 692 1386 740 exoletam,
1418 690 1648 731 imbecillem
1681 705 1766 730 ma-

249 749 433 801 jestatem
463 756 630 789 senatus.
685 748 918 803 Vulgatum
948 749 1054 788 tueri
1087 748 1119 787 si
1150 748 1261 797 velis,
1294 747 1654 802 interpretandum
1685 747 1766 787 erit

249 804 453 858 judicium
487 805 531 844 im
571 804 714 845 occulto
749 804 938 853 habitam,
976 804 1273 852 clandestinum
1310 817 1456 843 caussa
1491 803 1644 843 indicta
1670 817 1765 856 per-

260 867 389 900 actum
425 860 688 901 tabellarium.
732 860 923 900 REISK.
995 861 1118 900 Hanc
1153 859 1543 913 interpretationem
1576 859 1766 899 videatur

260 917 368 956 tueri
401 917 511 970 quod
542 917 692 971 legitur
715 932 753 970 p.
777 918 892 969 1467,
914 926 953 970 5.
1016 917 1096 956 Sed
1123 931 1263 956 vocem
1298 917 1444 966 ἀξίωμα
1475 915 1511 955 ei
1544 916 1649 955 adeo
1682 929 1765 954 non

260 987 486 1027 congruere
519 974 716 1020 arbitror,
748 977 795 1012 ut
826 973 945 1013 unice
981 973 1240 1027 probandum
1272 986 1461 1012 censeam
1494 972 1603 1025 quod
1637 972 1765 1011 habet

262 1028 484 1075 Aristides,
517 1030 560 1068 τὸ
596 1031 808 1080 περιφανὲς
844 1030 989 1078 ἀξίωμα
1024 1033 1088 1079 τῆς
1123 1031 1282 1078 βουλῆς.
1347 1028 1467 1079 Quod
1502 1027 1648 1081 opinor
1682 1042 1766 1067 non

261 1085 347 1125 sine
368 1086 518 1125 acerbo
541 1100 747 1125 sarcasmo
770 1085 927 1125 dictum
948 1100 1049 1124 esse.
1092 1084 1340 1124 SCHAEF.

327 1142 445 1194 1485,
471 1152 506 1193 7.
537 1140 559 1190 ἦ
590 1141 828 1190 τόνἊρειον
859 1141 1003 1194 πάγον]
1043 1141 1161 1180 Haec
1190 1141 1315 1180 verba
1342 1140 1534 1179 videntur
1566 1139 1767 1178 scholium

260 1197 435 1250 ideoque
456 1198 630 1237 delenda
652 1212 753 1237 esse.
788 1197 981 1236 REISK.
1046 1196 1188 1236 Inanis
1211 1196 1400 1250 suspicio.
1462 1196 1512 1234 In
1530 1196 1766 1235 damnando

263 1253 544 1292 Demosthene
573 1268 653 1292 non
683 1253 807 1292 solius
830 1257 1010 1301 senatus7
1034 1253 1106 1292 sed
1128 1252 1255 1292 etiam
1278 1252 1488 1306 Areopagi
1521 1256 1662 1305 partes
1683 1252 1766 1291 fue-

262 1314 372 1349 runt.
417 1309 666 1349 SCHAEF.

320 1368 384 1414 τῆς
400 1364 734 1416 Ἀριστογείτονος
757 1366 934 1418 κρίσεως]
963 1365 1124 1404 ]ιι(ἶι’6ῖί
1145 1365 1191 1404 (le
1209 1365 1486 1418 Aristogyitone.
1524 1364 1576 1402 V.
1592 1379 1631 1417 p.
1647 1364 1766 1417 1483,

266 1423 331 1461 26.
371 1421 623 1461 SOHAEF.

326 1478 444 1530 1485,
469 1480 505 1517 8.
536 1479 580 1517 οὐ
616 1480 827 1530 γὰρ-εἰς
861 1476 947 1531 ἐμέ]
988 1477 1224 1516 Aristides:
1259 1478 1302 1516 οὐ
1338 1479 1411 1528 γὰρ
1445 1477 1521 1528 ἔχω
1556 1478 1769 1529 πρᾳότερον

263 1535 529 1584 πρόσφθηγμα
548 1539 627 1576 τοῖς
650 1533 952 1584 ἐξημαρτηκόσιν
975 1535 1028 1575 εἰς
1051 1534 1112 1583 ἐμὶ
1134 1533 1250 1572 αὐτὸν
1272 1535 1406 1573 εἰπεῖν.
1453 1533 1654 1572 REISK.

326 1591 444 1643 1485,
466 1603 525 1629 ΙΙ.
550 1590 843 1641 ἀποφανθέντα]
879 1589 1080 1629 Delatmtz.
1124 1589 1374 1629 SCHAEF.

325 1647 444 1699 1485,
464 1659 527 1698 13.
549 1647 671 1699 ἄξιος]
712 1645 877 1685 Scilicet
901 1647 975 1695 εἰμὶ
997 1646 1071 1696 ἐγὼ
1093 1645 1355 1685 ἀπολωλέναι.
1395 1644 1587 1684 REISK.

321 1702 711 1753 ἄξιος--ἐπιτήὸειος]
748 1702 811 1741 De
833 1701 1069 1741 differentia
1096 1700 1407 1754 significationis
1435 1700 1544 1740 inter
1573 1701 1675 1740 haec
1697 1700 1769 1740 ad-

258 1757 413 1811 jectiva
443 1773 481 1796 v.
514 1758 652 1797 Reisk.
690 1758 779 1796 Ind.
814 1757 1040 1797 Graecitat.
1112 1757 1255 1810 Neque
1291 1757 1331 1796 h.
1362 1757 1387 1796 l.
1419 1771 1644 1810 synonyma
1680 1771 1769 1796 esse

262 1814 448 1854 ostendit
469 1814 620 1867 duplex
643 1815 740 1854 οὔτε.
778 1813 1028 1854 SOHAEF.

324 1871 442 1924 1485,
465 1881 523 1923 15.
547 1872 703 1922 χείρων]
740 1870 843 1909 Post
866 1870 904 1909 h.
927 1885 962 1909 v.
984 1874 1059 1910 aut
1080 1869 1317 1909 addendum
1345 1872 1420 1908 aut
1450 1868 1767 1922 subintelligen-

264 1926 361 1965 dum
387 1931 451 1965 est
475 1926 898 1977 aut’Apmoyecrovos
929 1930 1003 1966 aut
1031 1926 1187 1966 οὐδενὸς
1215 1929 1289 1964 aut
1317 1924 1494 1977 denique
1521 1926 1624 1975 ἐμοῦ.
1665 1925 1768 1965 dete-

264 1982 348 2021 rior
368 1996 471 2021 manc
491 1996 568 2021 rnon
589 1996 689 2030 scam,
713 1996 833 2034 quam
854 1982 948 2021 olim
966 1982 1054 2034 ficei.
1094 1981 1286 2020 REISK.
1351 1981 1571 2021 Subaudiri
1593 1980 1771 2032 Ἀριστο-

265 2039 436 2088 γείτονος
458 2038 607 2078 docent
630 2038 845 2091 sequentia
861 2053 896 2077 v.
919 2041 981 2077 16.
1027 2038 1285 2077 SCHAEF.

328 2095 445 2147 1485,
467 2107 528 2145 17.
551 2095 643 2144 πρὸς
665 2096 854 2144 σωτηρίας
875 2095 1124 2145 τετυχηκότα]
1155 2092 1487 2147 Arssrogitonem
1508 2096 1622 2146 puta.
1664 2109 1769 2132 τετυ-

264 2150 409 2201 χηκότα
430 2155 493 2189 cst
514 2150 775 2190 accusativus
797 2150 837 2188 in
860 2149 1071 2203 singulari.
1109 2149 1300 2188 REISK.

774 2363 1141 2428 EPISTOLA
1181 2365 1267 2409 lv.

336 2483 449 2532 1486,
476 2495 510 2522 2.
543 2483 753 2533 δυστυχίαν
774 2481 1000 2535 προφέρειν]
1034 2484 1101 2523 τὰς
1134 2483 1229 2522 ἰδίας
1259 2483 1462 2531 συμφορὰς
1490 2482 1687 2528 ὀνειδίζειν
1710 2482 1771 2520 καὶ

268 2538 478 2589 προφέρειν
500 2553 538 2590 p.
570 2539 666 2585 612,
688 2551 746 2590 13.
797 2538 850 2575 V.
880 2538 933 2577 ad
960 2552 999 2590 p.
1023 2551 1117 2589 311,
1143 2551 1199 2576 10.
1266 2537 1461 2577 Ceterum
1494 2537 1771 2576 Theramenes

269 2593 540 2633 Demostheni
573 2593 858 2634 infelicitatem
891 2598 1112 2646 propterea
1143 2593 1422 2646 exprobravit,
1452 2594 1561 2646 quod
1594 2592 1770 2632 Atheni-

269 2664 386 2689 enses
407 2650 679 2703 inauspicatis
709 2649 888 2689 consiliis
916 2649 970 2689 ad
998 2649 1148 2688 bellum
1169 2663 1260 2688 cum
1286 2649 1517 2689 Macedone
1547 2648 1773 2703 gerendum

269 2706 528 2759 perpulisset.
590 2706 709 2756 Quod
730 2707 927 2759 probrum
948 2705 1048 2745 haec
1066 2705 1256 2758 Epistola
1277 2705 1439 2758 repellit
1459 2704 1653 2744 facundia
1673 2718 1772 2744 sane

272 2762 605 2802 Demosthenica.
653 2762 896 2801 SCHAEF.

332 2819 449 2868 1486,
467 2830 503 2868 7.
522 2820 563 2857 ἐν
581 2817 839 2872 ἐγραστηρίῳ]
864 2819 915 2857 [η
933 2817 1136 2870 lupanari.
1172 2817 1285 2857 Oonf.
1302 2832 1340 2870 p.
1360 2817 1473 2870 1489,
1489 2830 1526 2867 4.
1557 2815 1770 2855 SCHAE-

272 2873 396 2912 FER.

330 2930 447 2978 1486,
473 2931 508 2969 8.
536 2934 611 2969 τῶν
632 2932 829 2981 τοιούτων]
869 2930 1098 2983 Praecepta
1135 2929 1363 2982 sapientiae
1400 2928 1601 2982 designat,
1636 2927 1768 2980 cujus-
