1935 3200
297 134 410 175 1286
702 133 1024 174 ADVERSUS
1067 132 1410 175 PoLYoLEM.

362 253 483 295 1209,
510 254 523 279 I
538 253 571 279 1.
593 244 676 282 ταῖς
696 239 939 292 ὑπηρεσίαις]
968 243 1047 280 τοῖς
1070 238 1216 289 ἐρέταις
1237 256 1259 287 η
1282 237 1537 286 κωπηλάταις.
1585 237 1667 277 Sed
1689 251 1814 291 quae-

299 297 609 345 1·011(111111,011111
641 297 793 341 ναύτας,
828 295 1018 345 ἐπιβάτας
1051 296 1113 334 καὶ
1143 295 1352 346 ὑπηρεσίας
1380 293 1543 357 saepius
1574 294 1813 348 conjungat,

300 353 399 407 quid
429 353 539 392 inter
569 352 644 391 hos
674 351 853 392 intersit.
887 350 1067 401 ἐπιβάται
1098 350 1225 391 etiam
1253 365 1278 391 a
1308 349 1424 389 Livio
1451 350 1508 390 sic
1538 350 1814 419 appellantur,

300 409 385 449 sive
405 408 569 455 milites
593 408 677 448 sive
698 412 841 449 1001501
844 422 898 448 es
928 408 1132 458 ὑπηρεσίαι
1153 411 1251 446 sunt
1275 406 1466 460 remiges,
1491 410 1626 446 ναῦται
1647 406 1818 470 caeteri.

300 465 370 519 qui
401 465 443 504 in
473 464 567 505 navi
599 469 762 505 curant.
824 464 969 504 Cicero
999 464 1182 504 Catone:
1220 463 1298 513 Qai
1328 463 1372 502 in
1403 477 1446 502 re
1472 463 1645 516 yerenda
1665 463 1818 503 versari

298 528 526 562 senectutem
555 527 713 575 meant,
742 520 890 560 similes
918 526 1020 570 sant,
1049 526 1093 559 ut
1121 520 1157 559 .ςί
1187 520 1276 572 quis
1302 518 1599 572 Gubernatorem
1630 519 1674 558 in
1704 519 1817 558 navi-

295 577 428 632 qando
459 577 564 616 nihil
595 591 707 630 aqeye
741 577 862 624 decat,
895 590 982 616 cnm
1012 576 1088 616 alet
1122 576 1244 616 malos
1272 575 1479 622 scandant,
1512 575 1589 615 alit
1611 589 1688 629 per
1703 576 1819 628 foros

299 640 465 681 carsent,
488 633 565 674 atti
589 634 784 673 sentinam
809 633 1063 680 exhauriant,
1086 632 1152 672 ille
1176 636 1308 671 autem
1336 632 1490 672 clavam
1515 637 1644 672 tenens
1667 631 1819 686 quietus

299 690 430 730 sedeat
452 704 493 729 en
508 690 652 744 puppi.
686 689 875 730 WOLF.
938 689 1078 729 Aliter
1100 688 1293 728 Reiskius
1314 688 1369 728 ad
1394 703 1433 742 p.
1456 688 1574 737 1208,
1601 701 1664 728 20.
1726 687 1818 741 Ego

300 746 442 786 malim
483 746 599 799 sequi
636 745 850 786 XVolfium.
913 745 966 784 Y.
1002 745 1198 785 Dukerus
1238 745 1292 785 ad
1334 744 1563 798 Thucydid.
1597 746 1634 792 6,
1662 757 1730 797 31.
1775 747 1819 783 et

302 802 538 842 Boeckhius
560 803 611 842 de
633 802 786 842 Oecon.
811 801 968 842 Athen.
990 801 1067 841 vol.
1099 815 1129 840 1.
1151 816 1191 854 p.
1209 814 1305 853 301.
1341 800 1590 842 SOHAEF.

357 863 437 901 τοῖς
459 858 678 912 ἐπιβάταις]
717 858 831 899 Oitat
852 858 890 897 h.
914 858 938 897 l.
974 857 1287 911 Harpocration
1309 872 1344 897 v.
1361 856 1590 907 Ἐπιβάτης.
1624 856 1818 896 REISK.

365 927 482 968 1209,
511 928 573 956 12.
616 914 855 967 σιτηρέσιον]
891 914 1008 955 Citat
1039 914 1077 954 h.
1104 914 1128 954 1.
1163 913 1476 967 Harpocration
1508 928 1542 953 v.
1577 914 1818 963 Σιτηρέσιου.

304 970 500 1011 REISK.

362 1040 484 1080 1209,
510 1029 574 1066 26.
619 1025 781 1079 μεταξὺ]
818 1026 1005 1066 Tenente
1040 1025 1176 1065 adhuc
1218 1025 1512 1071 trierarehatn.
1547 1040 1596 1066 eo
1636 1025 1820 1065 nondum

300 1083 432 1131 finito,
456 1087 499 1123 et
521 1082 784 1136 expeditione
806 1082 977 1122 classica
997 1082 1132 1122 adhuc
1155 1082 1345 1121 durante.
1379 1081 1578 1121 REISK.

364 1152 483 1187 1210,
505 1152 543 1190 3.
586 1140 684 1178 ὀκτὼ
720 1139 868 1191 μηνῶν]
915 1138 1035 1178 Intra
1069 1152 1253 1177 mensem
1294 1142 1502 1185 octavum,
1544 1142 1821 1191 posteaquam

301 1195 443 1236 classis
475 1209 497 1234 e
530 1194 704 1235 Piraeeo
735 1194 935 1235 solvisset.
970 1194 1161 1234 REISK.
1225 1194 1291 1233 De
1318 1194 1502 1248 genitivo
1524 1208 1559 1234 v.
1582 1194 1636 1234 ad
1660 1209 1700 1247 p.
1722 1206 1819 1246 529,

308 1252 371 1291 18.
406 1252 665 1291 SCHAEF.

364 1320 486 1355 1210,
510 1318 546 1359 7.
579 1307 838 1360 Αὐτοκλέους]
863 1306 915 1346 V.
937 1307 1002 1347 ad.
1028 1322 1066 1360 p.
1087 1309 1181 1360 655.
1205 1319 1244 1359 3.

364 1377 484 1412 1210,
509 1376 570 1403 20.
599 1364 642 1403 τὸ
666 1363 743 1403 κατ’
768 1365 834 1413 ἐμὲ
856 1363 1052 1404 cohaeret
1073 1377 1166 1402 011111
1188 1364 1376 1403 ἐλλείποι.
1410 1362 1659 1404 SOHAEF.
1722 1362 1820 1403 Sine

306 1420 349 1460 τὸ
370 1435 412 1474 p.
442 1431 561 1471 1224,
587 1433 653 1469 24.

362 1489 480 1523 1210,
506 1477 570 1516 26.
601 1474 792 1528 ἤλθομεν]
825 1475 916 1529 Ego
948 1490 1039 1515 cum
1074 1476 1254 1515 Menone
1285 1480 1473 1530 stratego
1505 1475 1688 1529 meisque
1716 1474 1820 1515 mili-

305 1533 418 1573 tibus
440 1538 483 1573 et
504 1532 655 1572 nautis.
688 1531 880 1571 REISK.

367 1601 485 1637 1210,
511 1589 576 1629 28.
610 1587 855 1641 Τιμόμαχος]
879 1588 931 1627 V.
955 1588 1008 1628 ad
1030 1603 1070 1641 p.
1095 1588 1189 1642 658,
1215 1590 1279 1627 26.

366 1657 484 1693 1211,
511 1655 575 1699 25.
606 1644 666 1695 ἐφ’
687 1643 830 1695 Ἱερὸν]
866 1644 1190 1698 Harpocration.
1223 1643 1312 1696 Ἐφ’
1335 1643 1472 1696 Ἱερόν·
1507 1649 1555 1684 Δ.
1587 1645 1630 1684 ἐν
1657 1647 1708 1698 τῷ
1736 1646 1824 1695 περὶ

303 1705 370 1741 τοῦ
400 1703 519 1752 ε’πιτρ.
552 1702 656 1752 ἱερόν
687 1702 770 1740 ἐστι
801 1704 876 1739 τῶν
903 1700 955 1750 ιβ’
988 1704 1087 1740 θεῶν
1115 1702 1156 1739 ἐν
1186 1702 1387 1754 Βοσπόρῳ,
1426 1702 1476 1742 ὡς
1507 1701 1752 1751 Τιμοσθένης
1782 1702 1824 1739 ἐν

303 1762 383 1799 τοῖς
403 1759 490 1808 περὶ
512 1757 695 1806 λιμένων.
728 1756 921 1796 REISK.
980 1756 1033 1795 V.
1057 1756 1291 1796 Boeokhius
1314 1756 1364 1795 de
1387 1756 1540 1797 000011.
1563 1757 1724 1797 Athen.
1746 1756 1822 1796 vol.

314 1829 349 1853 1.
373 1829 411 1867 p.
440 1824 531 1867 151.
567 1812 816 1853 SOHAEF.

366 1883 484 1917 1211,
511 1871 575 1910 26.
609 1867 968 1921 εἰσαγγελθέντων]
1000 1869 1131 1908 Verte
1158 1870 1310 1909 nuntiis
1330 1869 1466 1909 allatis
1487 1883 1517 1908 s.
1540 1873 1729 1923 comperto
1747 1883 1825 1923 per

303 1926 473 1966 nuntios.
535 1925 797 1979 Thucydides
833 1938 862 1971 1,
894 1926 983 1964 116.
1021 1930 1126 1964 extr.
1166 1925 1490 1977 ἐσαγγελθέντων
1523 1926 1582 1965 ὅτι
1613 1927 1825 1965 Φοίνισσαι

304 1985 393 2031 νῆες
414 1981 469 2022 ἐπ’
494 1982 629 2022 αὐτοὺς
652 1982 854 2020 πλέουσιν.
891 1980 1142 2021 SCHAEF.

366 2050 484 2086 1212,
514 2051 547 2077 1.
573 2037 770 2090 ἐπίτοκον]
807 2036 901 2076 Hoc
932 2037 1067 2086 addit,
1089 2052 1140 2077 110
1167 2038 1386 2092 pecuniam
1414 2038 1545 2078 amico
1575 2038 1662 2078 sine
1687 2037 1823 2077 usuris

308 2095 476 2145 (ἄτοκον,
500 2098 547 2133 ut
569 2109 606 2147 p.
636 2105 754 2147 1250,
783 2095 861 2147 13.)
887 2098 1033 2133 mutuo
1056 2094 1218 2134 dedisse
1240 2094 1455 2134 videatur:
1489 2095 1657 2133 modum
1682 2098 1824 2134 autem

304 2164 455 2190 usurae
486 2149 646 2189 omittit
674 2149 770 2202 quia
800 2150 1021 2189 memorari
1054 2164 1128 2190 1100
1159 2164 1326 2190 necesse
1356 2155 1448 2190 erat
1479 2155 1521 2190 et
1551 2151 1729 2190 fortasse
1760 2150 1822 2190 in-

303 2211 471 2260 gratum
493 2205 770 2245 Archedemo,
834 2205 1002 2245 Monuit
1025 2206 1206 2245 Boeckh.
1231 2206 1384 2246 Oecon.
1407 2206 1483 2245 vol.
1512 2220 1544 2245 1.
1570 2221 1609 2259 p.
1638 2219 1728 2260 149.
1753 2205 1823 2259 qui

304 2262 430 2302 verba
461 2261 569 2300 infra
604 2260 742 2314 posita
773 2260 1011 2314 ὃς-Σηστῷ
1042 2266 1155 2301 recte
1188 2262 1228 2300 in
1269 2262 1404 2301 locum
1437 2261 1692 2315 superiorem
1728 2267 1825 2316 post

305 2317 603 2368 Ἀναφλυστίου
624 2330 817 2355 revocare
840 2316 1015 2356 xidetur.

369 2385 487 2421 1212,
514 2385 550 2413 2.
573 2372 780 2425 ἐπόγδοοι]
822 2372 853 2410 Ι
885 2387 919 2411 e.
960 2380 1093 2422 124?ss
1130 2378 1152 2394 “
1176 2373 1291 2413 Citat
1322 2374 1361 2413 h.
1384 2374 1407 2414 1.
1442 2373 1755 2428 Harpocration
1787 2388 1823 2414 v.

305 2429 537 2480 Ἐπόγδοον.
599 2429 681 2467 Est
712 2433 853 2467 autem
885 2427 983 2467 illud
1013 2430 1170 2476 foenus
1203 2444 1330 2483 quum
1360 2431 1411 2470 de
1441 2430 1554 2470 mina
1585 2444 1750 2484 quaque
1781 2429 1823 2469 in

306 2499 491 2525 mensem
526 2483 665 2523 octoni
701 2483 810 2523 oboli
847 2498 918 2523 seu
956 2484 1154 2525 drachma
1194 2500 1287 2525 cum
1324 2501 1406 2527 una
1437 2487 1566 2527 teitia
1602 2487 1824 2527 drachmae

307 2545 428 2595 parte
461 2540 629 2580 dantur.
678 2539 732 2578 V.
760 2554 800 2593 p.
832 2551 946 2592 1250,
978 2541 1056 2580 21.
1059 2541 1295 2581 REISK.
1345 2543 1400 2582 V.
1432 2543 1591 2583 Anecd.
1624 2543 1757 2583 Bekk.
1779 2557 1821 2596 Ρ.

311 2610 405 2650 252,
437 2610 496 2650 ¹9·
533 2595 783 2635 SCHAEF.

371 2665 489 2698 1212,
513 2665 552 2706 3.
591 2651 817 2705 ἀνειλόμην]
855 2651 922 2691 De
954 2652 1031 2692 hoc
1065 2654 1315 2694 anacolutho
1353 2655 1554 2707 (debebat
1590 2655 1699 2695 enim
1736 2668 1824 2694 esse

311 2709 569 2760 ἀνελόμενος)
594 2722 629 2746 v.
656 2707 890 2747 Boeckhius
911 2708 935 2747 l.
959 2722 991 2748 0.
1016 2724 1055 2762 p.
1085 2723 1174 2762 149.
1198 2709 1448 2751 SOHAEF.

373 2776 490 2810 1212,
515 2765 552 2802 6.
585 2764 937 2835 πεντηκόνταρχον]
972 2764 1296 2818 Harpocration,
1321 2770 1679 2819 Πεντηκόνταρχος·
1713 2768 1733 2806 ὁ
1758 2769 1824 2815 τῆς

310 2821 615 2869 πεντηκοντόρου
644 2820 788 2871 ἄρχων,
812 2821 860 2861 ὡς
891 2823 1004 2869 δηλοῖ
1024 2822 1280 2872 Δημοσθένης
1308 2825 1350 2862 ἐν
1379 2826 1430 2877 τῷ
1460 2825 1545 2875 περὶ
1566 2827 1632 2862 τοῦ
1660 2824 1824 2873 ἐπιτριη·

311 2892 556 2926 ραρχηματος
586 2875 703 2927 (11.1.
736 2881 777 2915 et
813 2891 852 2929 p.
884 2888 1001 2921 1212,
1030 2889 1094 2917 20.
1144 2890 1261 2927 1214,
1282 2881 1600 2949 12.1215,1.)
1654 2877 1748 2918 Ὀτι
1782 2879 1824 2917 δὲ

313 2932 614 2982 πευτηκόιτορος
664 2932 841 2971 ἐκαλεῖτο
882 2933 904 2982 ἡ
947 2936 1037 2974 ναῦς
1084 2934 1105 2983 ἡ
1147 2934 1218 2973 ὑπὸ
1260 2952 1280 2974 ν
1329 2935 1566 2985 ἐρεσσομένη
1616 2936 1823 2985 πρόδηλον.
