1935 3200
283 120 394 159 1198
777 121 893 163 PRO
926 122 1305 165 PHORMIONE.

340 224 434 279 948,
457 238 517 266 ΙΙ.
542 227 672 277 τρίτον
693 226 724 266 δ’
746 227 825 281 ὅτι]
859 228 1100 282 Legendum
1121 228 1296 271 forsitan
1314 246 1322 270 z
1357 232 1485 282 τρίτον
1505 230 1550 279 δ’,
1573 232 1631 272 ὅτι
1651 234 1802 283 μισθῶν

281 281 427 332 ἑτέροις
447 284 567 322 ταυτᾶ
588 285 708 323 ταῦτα
728 287 795 322 τοῦ
817 285 904 324 ’ίσου
926 286 1108 336 ἀργυρίου
1129 286 1362 336 φανήσεται,
1381 288 1426 326 οὐ
1446 290 1802 338 προσμεμισθωκὼς

281 338 383 376 ἰδίαν
400 338 592 388 ἀφορμήν.
635 339 825 379 Tertium
845 346 1163 394 argumentum:
1191 356 1379 382 mensam
1395 343 1487 383 aliis
1509 349 1656 397 postea
1672 345 1800 385 tanti-

280 392 373 432 dem
387 393 551 439 locavit.
567 395 679 435 nulla
692 395 881 448 pecunia.
897 397 1007 436 nullo
1021 398 1150 437 fundo
1163 397 1350 452 (bank-'inq
1357 400 1472 451 stock)
1485 400 1536 439 de
1550 414 1624 439 suo
1638 401 1800 449 addito,

280 463 420 502 quum,
439 449 472 488 si
494 450 651 503 aliquid
675 451 982 492 intervertisset
1005 453 1214 503 Phormio,
1240 455 1413 494 eandem
1443 456 1697 508 pensionem,
1720 457 1799 496 nisi

279 518 465 545 mensam
487 507 775 559 supplevisset,
792 523 1054 561 nequa-quam
1072 515 1318 550 consecutus
1339 511 1498 551 fuisset.
1534 513 1797 553 SEAGER.

280 559 399 600 Diar.
425 561 592 602 Classic.
615 576 687 615 59.
706 578 746 617 p.
768 565 857 604 108.
920 565 1013 604 Non
1036 565 1187 618 placet.
1249 567 1317 606 Sic
1340 568 1450 606 enim
1472 582 1579 621 quae
1600 568 1799 621 primaria

279 621 343 656 est
364 616 480 657 notio
501 618 550 657 fit
573 620 830 660 secundaria.
873 620 1123 661 SGHAEF.

337 674 518 727 94S,13.
552 676 808 729 ἀπεστέρητο]
852 676 895 716 Si
932 677 1212 730 Apollodorus
1247 693 1273 718 a
1304 678 1559 719 Phormione
1594 679 1798 733 spoliatus

278 734 389 769 esset
409 744 458 769 eo
480 729 617 783 capite
643 732 923 785 pecuniarum,
948 734 1056 786 quod
1091 734 1168 788 ipsi
1201 739 1323 788 pater
1352 735 1598 788 reliquisset,
1632 750 1798 776 necesse

277 790 387 825 esset
408 786 662 835 existimare,
686 789 987 841 Apollodorum
1008 791 1257 830 tantundem
1279 791 1330 831 de
1358 805 1432 831 suo
1455 792 1564 832 unde
1592 792 1701 832 unde
1730 806 1798 831 ex-

277 841 493 894 pedivisse,
517 844 627 895 quod
659 844 774 884 novis
803 846 1130 885 conductoribus
1161 847 1355 887 elocaret.
1419 848 1503 887 Sed
1531 848 1607 888 hoc
1639 849 1796 888 factum

277 911 360 937 non
382 913 470 938 esse
493 904 672 941 constat.
734 900 848 955 Ergo
873 901 998 941 Pasio
1024 903 1215 956 proprios
1243 917 1390 943 numos
1421 903 1462 942 in
1491 918 1635 944 mensa
1662 904 1796 945 nullos

276 953 439 994 habuit.
482 955 680 996 REISK.

340 1010 476 1065 αὐτὸν]
526 1011 711 1053 Utrum?
760 1013 1089 1067 Apollodorqu
1139 1015 1241 1056 Cui?
1292 1015 1552 1055 Phormioni.
1616 1017 1692 1065 At,
1727 1017 1796 1070 qui

271 1066 360 1118 jam
382 1068 563 1107 debebat
585 1069 778 1120 ἀφορμὴν,
802 1070 839 1109 ei
868 1070 950 1110 alia
979 1071 1260 1124 conquirenda
1282 1076 1324 1111 et
1346 1072 1485 1112 danda
1513 1074 1630 1113 erat?
1688 1074 1796 1113 Sunt

276 1122 379 1162 haec
419 1124 740 1178 praestigiarum
781 1125 941 1174 similia,
979 1126 1013 1165 si
1055 1128 1249 1167 mendum
1285 1128 1431 1168 abest:
1474 1132 1549 1168 aut
1584 1143 1660 1182 ego
1697 1129 1795 1182 quid

276 1179 355 1218 hoc
384 1180 443 1219 rei
475 1180 530 1220 sit
558 1195 641 1220 non
666 1196 877 1235 assequor.
938 1182 1003 1222 Ac
1032 1183 1211 1223 fortasse
1245 1184 1548 1224 Demosthenes
1579 1184 1795 1224 Phormio-

275 1249 370 1274 nem
392 1250 474 1275 non
496 1236 557 1277 ita
577 1252 740 1278 armare
762 1238 904 1285 voluit,
927 1246 976 1278 ut
995 1240 1049 1279 ab
1072 1240 1329 1292 Apollodoro
1351 1240 1558 1280 vulnerari
1590 1255 1672 1280 non
1700 1256 1794 1294 pos-

276 1296 352 1331 set.
424 1292 533 1332 Nam
568 1308 619 1332 ex
655 1295 800 1334 eadem
836 1294 1000 1335 officina
1035 1296 1236 1349 pugiones
1273 1296 1521 1336 adversariis
1561 1297 1795 1349 porrexisse

275 1347 470 1397 traditur,
501 1349 650 1402 quibus
680 1365 770 1390 sese
805 1356 952 1390 mutuo
984 1352 1248 1392 conficerent.
1311 1354 1374 1392 Ac
1408 1352 1654 1406 Apollodori
1685 1353 1794 1394 actio

275 1403 317 1443 in
340 1404 635 1446 Phormionem
667 1421 748 1446 non
782 1412 936 1447 exstat.
997 1408 1060 1447 Ea
1082 1423 1191 1457 vero,
1215 1422 1320 1461 quae
1349 1408 1391 1448 in
1420 1409 1679 1462 Stephanum
1710 1413 1793 1449 tes-

276 1465 362 1501 tem
390 1461 641 1510 inscribitur,
665 1467 729 1503 est
750 1463 873 1516 hujus
895 1467 1154 1516 παραγραφῆς
1178 1464 1391 1504 refutatio.
1427 1464 1618 1505 WOLF.
1681 1465 1793 1505 Nihil

275 1516 341 1556 hie
382 1532 471 1558 esse
510 1519 833 1573 praestigiarum
874 1519 973 1573 ipse,
1011 1520 1169 1573 opinor,
1199 1520 1367 1561 vidisset
1397 1521 1587 1569 Wolfius,
1622 1520 1655 1561 si
1697 1526 1794 1575 post

275 1577 472 1623 προσῆκεν
511 1575 701 1616 additum
747 1575 915 1630 legisset
960 1578 1135 1624 ἐκείνοις,
1179 1577 1337 1617 scilieet
1383 1581 1463 1619 τοῖς
1507 1577 1793 1627 μισθουμένοις.

278 1630 533 1671 SCHAEF.

333 1690 529 1736 προσῆκεν
550 1688 722 1741 ἐκείνοις]
757 1689 806 1728 111
828 1689 904 1728 1100
925 1689 1016 1728 loco
1037 1690 1145 1730 male
1170 1690 1212 1729 id
1240 1704 1305 1729 me
1328 1690 1467 1737 habet,
1491 1690 1601 1743 quod
1624 1690 1792 1743 Apollo-

275 1742 402 1782 dorus
425 1743 591 1784 dicatur
611 1759 796 1785 mensam
818 1760 893 1799 pro
914 1746 1059 1785 eadem
1080 1746 1268 1786 mercede
1288 1746 1511 1799 Euphraeo
1533 1747 1793 1800 caeterisque

276 1799 397 1838 sociis
418 1800 507 1853 ejus
528 1801 721 1847 elocasse,
745 1816 827 1855 qua
850 1802 1048 1841 Phormio
1071 1817 1163 1842 eam
1183 1803 1412 1842 tenuisset:
1446 1802 1511 1842 cui
1539 1803 1792 1844 contradicit

275 1870 316 1909 p.
340 1858 434 1910 956,
457 1871 498 1909 5.
533 1857 726 1897 RElsK.
788 1858 881 1898 Non
914 1858 1180 1899 contradicit.
1243 1859 1338 1898 Hoc
1372 1858 1480 1899 enim
1515 1859 1605 1898 loco
1639 1859 1794 1899 dicitur

276 1911 327 1952 de
348 1914 537 1953 mercede
559 1928 737 1960 mensae,
761 1914 829 1954 illo
855 1914 988 1954 altero
1015 1916 1065 1954 de
1093 1915 1294 1955 mercedis
1321 1915 1511 1969 portione
1534 1929 1638 1968 quae
1661 1915 1791 1969 Apol-

274 1968 419 2008 lodoro
441 1970 621 2010 obvenit.
668 1971 918 2011 SOHAEF.

334 2028 429 2079 948,
454 2038 519 2066 20.
550 2027 612 2066 καὶ
640 2027 892 2081 coc—emero]
927 2027 1087 2067 Vellem
1119 2028 1250 2068 codex
1281 2027 1522 2068 omitteret:
1554 2031 1653 2067 sunt
1683 2027 1790 2067 enim

275 2081 329 2121 ab
351 2082 428 2120 1100
449 2081 538 2122 1000
559 2082 708 2122 aliena.
752 2083 1005 2124 SOHAEF.

334 2139 429 2191 948,
456 2151 519 2179 22.
553 2139 844 2193 ΜΑΡΤὙῬΙΑ]
880 2140 1028 2179 Malim
1060 2141 1288 2191 Μαρτυρίαι.
1350 2139 1458 2180 Nam
1491 2144 1589 2179 sunt
1622 2140 1705 2180 duo
1739 2140 1791 2179 de

276 2193 436 2233 duabus
458 2195 581 2233 rebus
603 2194 774 2234 diversis
795 2196 1050 2236 testimonia.
1095 2196 1292 2235 REISK.

333 2252 430 2304 948,
455 2262 519 2301 24.
549 2252 792 2304 ἐμίσθωσαν]
832 2252 873 2291 S.
897 2251 1234 2302 ὁἈπολλόδωρος
1264 2252 1325 2291 καὶ
1357 2252 1377 2290 ὁ
1407 2254 1636 2301 Πασικλῆς-ἰ
1671 2252 1789 2305 quasi

275 2311 350 2345 aut
376 2306 637 2346 haereditate
668 2307 844 2348 indivisa
873 2312 948 2348 aut
975 2308 1178 2348 societate
1206 2307 1329 2348 coita.
1366 2307 1422 2345 W
1427 2307 1556 2347 OLF.
1619 2307 1790 2361 Apollo·

276 2362 402 2401 dorus
421 2367 465 2402 et
486 2362 606 2402 amici
629 2363 716 2415 ejus
738 2364 799 2403 vel
821 2364 960 2418 potius
980 2366 1112 2404 frater
1135 2363 1329 2404 Pasicles.
1375 2363 1571 2403 REISK.

334 2420 428 2469 948,
452 2431 516 2471 25.
540 2420 601 2458 καὶ
623 2419 850 2470 ἐλευθέρους
871 2420 1059 2473 ἀφεῖσαν]
1094 2420 1251 2459 Utrum
1274 2419 1429 2459 Xenon
1450 2424 1492 2459 et
1513 2419 1659 2472 reliqui
1682 2419 1788 2459 servi

275 2475 444 2514 fuerunt
479 2474 696 2514 Pasionis?
735 2490 789 2515 an
825 2476 868 2514 τὸ
907 2475 1132 2526 ἐλευθέρους
1169 2477 1330 2526 ἀφεῖναι
1366 2476 1450 2514 ἀντὶ
1486 2479 1552 2514 τοῦ
1590 2477 1789 2515 ἀπολῦσαι

275 2530 472 2584 ponitur?
506 2530 696 2570 WOLF.
759 2531 976 2571 Posterius
998 2545 1150 2571 verum.
1193 2531 1442 2571 SOHAEF.

333 2600 429 2641 949,
454 2588 492 2626 6.
517 2587 760 2640 ’τῷ-πατρὶ]
799 2587 960 2634 Diniae,
984 2601 1127 2627 socero
1151 2587 1406 2640 Apollodori.
1449 2587 1647 2626 REISK.

334 2645 383 2697 τῷ
407 2642 668 2696 συγκηδεστῇ]
704 2643 857 2690 Niciae,
882 2643 950 2695 qui
972 2643 1148 2683 alteram
1170 2643 1320 2683 Diniae
1347 2643 1475 2683 filia-m
1506 2643 1547 2682 in
1574 2643 1789 2683 matrimo-

276 2700 344 2739 nio
366 2699 563 2739 habebat.
611 2699 718 2738 V.v.
747 2711 810 2738 22.
855 2699 1049 2738 REISK.

333 2770 427 2810 949,
446 2756 483 2794 8.
505 2755 548 2794 τὸ
571 2755 737 2807 προσὸν]
767 2768 874 2795 2000
897 2755 1118 2794 drachmas
1140 2755 1286 2794 mulier
1307 2755 1527 2809 nepotibus
1549 2755 1783 2809 legaverat:

275 2825 388 2864 3000
421 2811 633 2858 Phormio,
660 2815 706 2850 ut
738 2811 909 2851 arbitris
944 2810 1282 2864 morigeraretur,
1313 2811 1569 2865 Apollodoro
1602 2810 1784 2851 donavit.

278 2868 426 2921 Itaque
449 2867 729 2920 Apollodorus
757 2879 869 2919 5000
895 2867 1070 2919 accepit.
1113 2868 1156 2907 τὸ
1185 2868 1336 2917 προσὸν
1357 2867 1563 2921 significat
1585 2867 1654 2907 τὸν
1673 2884 1786 2919 χιτω-

275 2926 410 2963 νίσκου
433 2925 493 2963 καὶ
515 2923 584 2972 τὴν
606 2923 855 2975 θεράπαιναν.
902 2922 1151 2963 SCHAEF.
