1925 3215
632 139 689 174 IN
723 138 1151 174 DEMOSTHENEM.

185 252 264 274 mus
283 240 432 273 lactabat
451 239 680 272 Athenienses
699 250 786 271 vana
805 250 864 282 spe

185 286 416 320 restituendae
436 285 667 318 (fherrhoncsi
687 284 766 329 671,
786 285 847 318 ult.

141 332 219 367 Chii
255 344 335 366 cum
371 331 516 365 Rhodiis
550 337 582 364 ct
618 331 793 375 Byzantiis
830 331 864 363 in

187 379 384 412 societatem
402 377 578 420 congressi
597 377 726 409 hclluin
744 376 864 409 adver-

187 436 247 458 sus
274 424 504 458 Athenienses
534 423 710 468 gerebant,
741 423 865 456 sociale

186 470 319 504 dictum
339 482 413 515 191,
431 481 482 503 12.

141 517 266 556 Chion,
288 517 431 550 Archon
454 515 676 549 Atheniensis
704 515 862 559 (Olymp.

191 574 265 607 103,
285 565 334 604 4.)
354 562 432 602 868,
453 573 506 595 21.

141 608 331 642 Chionides
352 607 647 653 Xypctaeonensis
668 605 767 649 1356,
785 617 836 649 13-

141 655 262 693 Chius,
283 655 352 688 Cos
371 661 403 688 et
424 653 569 688 Rhodus
586 653 704 685 Cariae
724 652 864 685 domino

187 701 373 744 permissae
399 713 458 745 per
477 711 595 744 pacem
618 699 765 742 Philippi
784 710 864 731 011111

187 747 314 780 Athen.
334 748 390 791 63,
408 748 458 780 18.

142 792 372 838 Chrysippus,
387 791 642 826 nummularius
659 791 864 829 foenerator,

188 839 390 872 Phormioni
415 839 586 872 actionem
612 837 777 881 pecuniae
804 836 865 869 (lo-

186 886 259 919 lose
275 885 482 918 intcrversae
500 884 647 916 intentat
664 892 730 927 907
750 894 822 927 sqq.

142 931 280 969 Cimon,
296 931 388 976 quod
404 931 551 964 formam
566 927 772 972 reipublicae
787 940 864 961 mu-

186 983 303 1017 tasset,
322 976 577 1022 quinquaginta
593 975 730 1008 talentis
754 975 864 1007 mulc-

187 1028 279 1057 tatus
307 1029 370 1063 est,
394 1034 456 1056 nec
475 1022 625 1055 multum
651 1020 760 1054 abfuit
781 1020 866 1065 quin

187 1066 317 1114 capitis
329 1069 551 1102 damnaretur
569 1067 647 1105 688,
665 1077 719 1110 25.

143 1115 279 1156 Cineas,
296 1115 498 1155 Thessalus,
518 1113 674 1158 proditor
691 1124 770 1156 324,
789 1114 822 1146 8.

143 1161 277 1195 Cirrha.
315 1161 479 1195 Cirrhaea
496 1161 590 1204 regio
609 1160 762 1203 Apollini
782 1159 865 1192 Del-

188 1208 291 1252 phico
317 1213 516 1241 consecrata
536 1215 613 1251 277,
633 1206 664 1238 6.
699 1205 779 1238 inde
805 1216 865 1238 na-

188 1260 265 1287 tum
282 1254 413 1287 bellum
432 1252 763 1296 Amphictyonieum
786 1262 866 1284 011111

189 1299 513 1344 AmphissensibuS,
543 1297 637 1343 quod
668 1297 866 1341 Philippum

189 1347 225 1380 in
263 1345 444 1379 Graeciam
480 1344 617 1378 induxit
658 1343 738 1378 ibid.
768 1349 800 1376 et
833 1343 867 1375 in

191 1404 284 1437 seqq.

145 1438 272 1478 Cittus,
291 1438 485 1471 foenerator
503 1438 581 1481 908,
603 1447 656 1470 22.

146 1485 297 1518 Cleanax
313 1483 487 1517 Tenedius
506 1494 592 1527 1223
610 1484 673 1516 ult.

147 1530 327 1570 Cleander,
346 1530 466 1563 histrio
486 1540 583 1573 1304,
601 1530 633 1562 8.

147 1576 347 1615 Clearchus,
368 1577 572 1620 Spartanus,
591 1575 650 1620 qui
676 1586 754 1608 cum
776 1574 868 1617 Cyro

192 1622 447 1666 expeditionem
492 1621 658 1654 adversus
705 1622 868 1654 Artaxer-

192 1681 282 1708 xem,
296 1680 411 1713 regem
422 1667 778 1711 Persa1·um,suscepit
794 1676 869 1711 197,

194 1726 248 1759 23.

148 1761 348 1800 Clearchus,
363 1759 576 1794 aTimotheo
594 1759 870 1797 commendatus

194 1807 366 1841 civitatem
391 1806 542 1839 Atticam
570 1806 764 1850 impetravit
790 1806 870 1846 482,

196 1863 236 1878 ,,-

149 1899 244 1939 Cleo,
261 1898 481 1933 Cothocides.
499 1910 579 1931 cum
598 1898 670 1931 aliis
688 1897 809 1942 legatis
828 1896 871 1930 ad

196 1945 394 1989 Philippum
421 1944 569 1977 mittitur
595 1944 688 1987 pacis
714 1955 796 1987 ergo
818 1954 870 1975 sa-

196 1998 372 2025 cramento
398 1990 603 2023 sanciendae
630 1998 706 2033 235,
726 2000 777 2033 19.
812 1988 869 2022 ad-

196 2043 267 2070 erat
285 2036 450 2070 Aeschini
468 2035 732 2080 Ctesiphontem
757 2035 790 2068 in
813 2035 872 2079 jus

197 2083 315 2116 citanti
334 2094 412 2124 244,
431 2092 463 2124 5.

152 2129 246 2169 Cleo,
270 2128 467 2167 Phalereus,
495 2134 631 2161 senator
657 2127 873 2172 Areopagiti-

198 2187 259 2209 cus
278 2185 355 2219 272,
374 2184 407 2219 5.

152 2221 246 2261 Cleo,
267 2220 460 2260 Suniensis,
482 2220 703 2257 trierarchus,
729 2225 875 2253 testatur

199 2267 430 2301 Demostheni
447 2266 614 2300 adversus
630 2266 776 2299 Midian]
795 2266 875 2310 568,

200 2324 254 2357 23.

154 2359 249 2398 Cleo,
268 2359 327 2403 (1111
345 2358 637 2392 Lacedaemonios
663 2359 697 2392 in
717 2358 801 2403 Pylo
822 2370 875 2391 ce-

199 2405 249 2448 pit
266 2403 365 2443 1016,
385 2417 416 2446 4.

155 2450 250 2490 Cleo,
270 2449 528 2483 Cleomedontis
554 2450 655 2490 filius,
682 2450 773 2483 illius
799 2449 875 2483 Cle-

201 2496 276 2530 onis
294 2507 401 2539 nepos
420 2506 518 2535 1010,
539 2507 569 2528 2.

157 2542 334 2580 Cleobula,
357 2540 498 2585 Cylonis
524 2541 603 2581 filia,
629 2541 878 2575 Demosthenis

202 2587 312 2621 nostri
329 2593 437 2619 mater
454 2587 533 2625 812,
551 2598 583 2630 3.

158 2633 361 2671 Cleocritus,
377 2632 494 2666 Buseli
509 2632 610 2672 filius,
620 2632 766 2666 Oeensis
779 2642 877 2677 1055,

205 2679 258 2712 26.

159 2724 383 2762 Cleomedon,
410 2724 502 2757 illius
529 2723 667 2758 Cleonis
694 2724 796 2764 filius,
820 2725 880 2770 qui

206 2769 496 2804 Lacedaemonios
522 2769 557 2802 in
581 2770 666 2813 Pylo
695 2776 814 2814 captos
832 2772 880 2804 A-

205 2816 327 2849 thenas
346 2815 445 2848 duxit
462 2816 499 2848 in
516 2815 664 2849 vinculis
682 2816 781 2856 1016,
800 2827 832 2860 3.

161 2862 376 2900 Cleomenes,
398 2861 456 2905 qui
481 2861 589 2904 copiis
615 2861 881 2895 Atheniensium

206 2907 321 2941 nescio
339 2906 478 2952 quando
503 2913 536 2939 et
554 2918 657 2951 quam
679 2907 724 2940 oh
748 2919 819 2940 rem
845 2908 880 2940 in

208 2954 407 2998 Aegyptum
454 2953 570 2986 missis
612 2965 691 2986 cum
737 2953 880 2997 imperio

1549 135 1638 175 1471

968 239 1126 283 praefuit,
1146 238 1318 271 civitatem
1347 234 1577 268 incommodis
1599 234 1647 267 as-

968 286 1047 318 fecit
1064 284 1156 318 haud
1177 282 1410 317 mediocribus
1431 282 1528 322 1285,
1548 292 1580 324 3.

922 332 1071 364 Cleonae
1091 331 1169 374 258,
1188 332 1220 363 8.

921 378 1126 415 Cleotimus,
1148 376 1263 415 Eleus,
1284 374 1438 419 proditor
1455 384 1535 417 324,
1554 384 1605 406 11.

922 424 1125 465 Clinagoras
1160 428 1235 455 tum
1265 427 1336 454 crat
1370 419 1530 453 sacerdos
1564 419 1645 452 Del-

966 469 1056 513 plns,
1075 480 1155 502 cum
1180 468 1367 512 l'ylagorac
1387 465 1645 509 Amphissensi-

965 515 1033 548 hus
1051 515 1123 559 agri
1139 514 1294 547 Cirrhaei
1312 514 1447 546 cultura
1465 511 1646 544 interdice-

966 567 1043 594 rent
1062 562 1139 604 278,
1158 562 1209 593 18.

922 608 1064 647 Clinias,
1085 606 1207 640 Clidici
1235 606 1325 639 filius
1345 616 1426 648 1311
1450 616 1527 648 pen.
1547 614 1646 647 1312,

968 665 1022 687 22.

921 699 1183 737 Clinomachus,
1198 698 1256 743 (1111
1275 696 1545 730 Demosthenem
1565 707 1645 729 cum

965 746 1157 778 'l‘heocrine
1192 743 1425 777 reconciliavit
1451 752 1536 786 1335
1565 754 1644 786 pen.

972 792 1070 835 1358,
1089 792 1121 824 8.

922 837 1118 871 Clitarchus
1149 843 1318 881 tyrannus
1344 835 1494 869 Eretriae
1520 846 1539 867 a
1567 833 1647 867 Phi-

967 884 1061 928 lippo
1087 883 1177 916 circa
1212 894 1344 915 anunm
1374 880 1569 914 secundum
1597 881 1646 913 O-

966 931 1074 974 lymp.
1105 940 1179 973 109.
1233 928 1443 961 constitutus
1474 936 1536 970 125
1568 938 1645 969 pen.

969 976 1047 1017 248,
1064 974 1115 1008 16.
1135 986 1214 1019 324,
1231 974 1279 1007 16.
1315 973 1357 1006 ab
1373 972 1647 1006 Atheniensibus

968 1022 1146 1066 expulsus,
1159 1027 1298 1054 auctore
1315 1019 1553 1052 Demosthene
1569 1029 1647 1062 252,

968 1078 1000 1111 5.
1020 1074 1053 1101 et
1072 1068 1123 1100 18.
1159 1066 1385 1109 (Plutarchus
1403 1065 1438 1098 in
1461 1064 1646 1104 Phocione,

969 1114 1050 1147 item
1078 1113 1257 1147 Diodorus
1286 1112 1424 1145 Siculus
1452 1122 1483 1144 2.
1514 1123 1547 1154 1).
1571 1122 1646 1155 139.

969 1166 1127 1193 auctores
1169 1166 1262 1197 sunt,
1299 1157 1513 1191 Clitarchum
1555 1156 1648 1200 apud

967 1206 1143 1250 Tamynas
1169 1217 1297 1249 magna
1317 1203 1412 1237 clade
1433 1203 1540 1236 fuisse
1566 1203 1648 1235 affe-

969 1259 1065 1286 ctum
1081 1252 1223 1296 Olymp.
1241 1262 1316 1296 109,
1332 1255 1380 1293 4.)
1422 1251 1554 1293 legatos
1573 1249 1646 1293 ejus

970 1298 1125 1331 Athenas
1159 1298 1285 1331 missos
1317 1302 1350 1330 et
1383 1308 1402 1329 a
1437 1296 1566 1339 populo
1598 1307 1648 1328 re-

965 1345 1075 1389 jectos
1126 1349 1229 1388 atque
1279 1343 1372 1376 abire
1419 1342 1537 1386 jussos
1580 1342 1648 1374 Ae-

971 1391 1108 1424 schines
1150 1389 1245 1423 domi
1287 1400 1368 1423 suae
1409 1387 1535 1431 recepit
1571 1396 1647 1429 252,

972 1447 989 1470 2
1020 1463 1026 1470 .

925 1447 1152 1522 Clitdmacha,
1172 1481 1241 1514 filia
1259 1480 1451 1525 Midylidis,
1472 1480 1648 1524 0111111011-

971 1529 1018 1562 sis
1038 1529 1137 1571 1083,
1153 1539 1204 1571 13.

926 1574 1165 1608 Clitomachus
1189 1574 1254 1607 suit
1279 1574 1314 1606 in
1340 1572 1473 1616 legatis,
1493 1571 1649 1616 quicum

973 1620 1209 1654 Demosthene
1223 1620 1257 1652 in
1273 1619 1552 1662 Peloponnesum
1571 1618 1650 1651 mit-

971 1667 1134 1700 tebantur
1152 1665 1194 1699 ad
1216 1666 1369 1699 civitates
1393 1665 1428 1697 in
1453 1664 1651 1697 societatem

971 1713 1052 1746 belli
1081 1712 1246 1746 adversus
1273 1711 1474 1755 Philippum
1503 1710 1651 1743 invitan-

972 1759 1058 1792 dum
1076 1770 1151 1803 129,
1168 1769 1220 1802 19.

927 1805 1122 1843 Coccalina,
1141 1805 1263 1837 ancilla
1283 1812 1380 1847 1357,
1400 1814 1428 1842 1,
1452 1802 1551 1846 1386,
1572 1811 1602 1846 7.

927 1852 1045 1893 Κοίλη,
1064 1862 1175 1894 pagus
1194 1850 1331 1888 Atticus
1350 1850 1389 1882 61
1402 1860 1429 1888 1,
1450 1859 1504 1881 22.

928 1897 1057 1936 (jolias,
1076 1895 1354 1940 promontorium
1373 1895 1529 1928 Atticum
1552 1894 1651 1938 1356,

928 1989 1086 2034 Collytus
1107 1989 1184 2027 288,
1199 1999 1251 2033 19.

928 2036 1095 2075 Colonus,
1122 2033 1319 2077 Κολωνῆθεν
1342 2042 1420 2077 535,
1440 2045 1472 2078 9.
1500 2043 1598 2077 1352,
1618 2032 1651 2065 8.

975 2088 1008 2115 et
1023 2081 1074 2114 16.

931 2128 1068 2167 Conon,
1099 2132 1194 2171 pater
1222 2125 1408 2164 Timothei,
1442 2125 1556 2158 clarus
1589 2124 1653 2157 im-

975 2180 1123 2218 perator,
1147 2171 1376 2206 Adimantum
1405 2171 1572 2215 collegam
1598 2182 1653 2203 ac-

977 2219 1110 2253 cusavit
1128 2230 1207 2260 401,
1223 2229 1252 2251 1.
1286 2229 1340 2251 res
1362 2217 1404 2250 ab
1422 2229 1461 2250 eo
1484 2217 1654 2260 praeclare

977 2272 1093 2310 gestae
1111 2275 1190 2310 477,
1206 2275 1258 2298 12.
1294 2263 1489 2297 secundum
1503 2262 1654 2296 Harmo-

978 2312 1076 2346 dium
1101 2318 1203 2356 atque
1230 2310 1503 2353 Aristogitonem
1529 2309 1559 2342 ei
1585 2308 1655 2352 pri-

977 2370 1035 2391 mo
1054 2364 1168 2391 statua
1183 2368 1288 2390 aenea
1300 2356 1365 2389 fuit
1378 2355 1525 2388 Athenis
1544 2355 1656 2398 posita

979 2405 1058 2449 478,
1073 2412 1106 2446 5.
1140 2403 1185 2437 ob
1203 2408 1359 2446 reparata
1375 2401 1503 2445 patriae
1520 2401 1657 2434 moenia

978 2462 1059 2483 cum
1069 2449 1303 2483 Themistocle
1320 2453 1540 2490 comparatur
1558 2447 1655 2490 eique

978 2495 1170 2540 praefertur
1192 2494 1272 2538 478,
1292 2502 1346 2535 25.
1388 2492 1568 2536 inscriptio
1594 2491 1655 2525 do-

979 2541 1066 2575 narii
1086 2553 1103 2574 e
1122 2540 1263 2574 decimis
1280 2539 1441 2572 victoriae
1460 2537 1596 2571 Cononi
1615 2537 1656 2570 de

981 2586 1261 2620 Lacedaemoniis
1279 2590 1395 2628 partae
1413 2583 1491 2622 616,
1513 2593 1542 2627 7.

935 2633 1072 2672 Conon,
1095 2630 1268 2665 Timothei
1297 2630 1400 2669 filius,
1427 2629 1518 2662 illius
1548 2640 1656 2673 nepos

984 2689 1083 2717 1020,
1100 2678 1133 2711 8.

936 2724 1074 2763 Conon,
1092 2734 1195 2768 quem
1213 2722 1356 2754 Ariston
1376 2720 1481 2755 αἰκίας
1502 2732 1563 2753 seu
1581 2732 1656 2753 ver—

981 2770 1104 2803 berum
1118 2774 1151 2801 et
1161 2768 1346 2801 vulnerum
1364 2766 1574 2799 inflictorum
1589 2766 1658 2810 egit

982 2827 1080 2848 reum
1098 2813 1197 2848 12r6.
1221 2813 1264 2846 ad
1282 2822 1381 2856 1271.
1428 2812 1493 2845 fuit
1522 2812 1656 2856 generis

981 2860 1092 2894 infimi
1109 2869 1208 2903 1271,
1224 2870 1252 2892 1.

938 2908 1062 2940 Conon
1082 2905 1285 2938 Halaeensis
1304 2904 1402 2943 1168,
1419 2914 1471 2937 12.

938 2953 1086 2996 Coprus,
1105 2963 1215 2995 pagus
1234 2951 1371 2984 Atticus
1391 2961 1468 2993 249,
1485 2959 1538 2992 13.
