1925 3215
631 140 687 179 lN
722 139 1136 179 THEOCRINEM.
1534 142 1639 181 1353

123 252 189 285 ενα
221 245 315 299 loyes
345 245 606 292 decernamus.
639 259 725 285 cnm
760 245 868 283 Aliso
898 243 1162 283 testimonium
1187 242 1521 295 pct·lcz‘bueril-—?
1553 258 1641 283 cum

122 300 251 342 scriba
274 302 466 355 colqfhssecs
487 302 630 341 sil—,⁹
663 306 842 341 caetera.
875 300 952 339 ΤΛ
964 299 1134 338 YLoR.

186 370 305 412 1329,
332 358 394 397 28.
421 359 582 407 τούτοις]
613 357 755 397 Actori
779 362 817 396 et
843 357 931 409 ejus
953 355 1181 397 advocatis.
1216 354 1411 395 REISK.

189 427 306 467 1329,
337 427 396 465 19.
419 417 523 464 παρὰ
546 415 695 463 τούτου]
725 413 760 451 Α
786 412 1029 452 Τ1100011110.
1067 412 1256 451 REISK.

180 471 333 521 τούτου]
361 470 486 510 Redit
511 470 564 510 ad
590 470 768 509 scribam
794 469 1132 521 Euthyphemuui
1155 474 1197 508 et
1225 474 1444 508 revocatur
1471 468 1641 508 auditor

123 531 251 580 atque
273 526 403 566 lector
425 526 478 566 ad
500 541 539 579 p.
567 538 684 578 1324,
709 535 769 578 15.
805 524 999 564 RElsK.

189 596 307 636 1330,
330 586 368 622 6.
393 581 482 622 ἀλλ’
507 583 550 622 οὐ
579 584 740 632 δίκαιον]
768 581 933 620 Scilicet
954 583 1050 630 ὑμᾶς
1079 583 1182 630 παρὰ
1204 580 1291 621 τοὺς
1314 583 1450 630 νόμους
1471 582 1534 620 διὰ
1554 581 1641 622 τοὺς

124 640 271 680 τούτων
292 640 434 691 λόγους
455 640 710 690 ψηφίζεσθαι.
754 637 807 676 V.
830 652 868 690 p.
895 650 1010 691 1321).
1037 648 1101 690 25.
1135 636 1326 675 REisK.

187 708 307 749 1330,
336 709 397 749 13.
419 696 507 745 μὲν]
542 694 653 733 IIuic
682 693 911 747 particulae
937 693 1161 746 respondet
1183 694 1223 731 δὲ
1246 707 1284 745 p.
1309 705 1429 745 1331,
1456 706 1514 745 15.
1536 699 1576 732 ot
1602 708 1637 733 v.

125 752 314 806 praeced.
346 765 408 801 14.
447 752 520 800 μὲν
540 750 720 790 iteratur
742 749 782 788 in
811 749 991 803 gratiam
1020 748 1186 788 lectoris
1207 749 1260 788 ad
1287 748 1500 801 superiora
1528 763 1642 789 revo-

125 807 257 848 candi.
292 807 488 846 REISK.
552 806 696 846 Malim
726 807 809 856 μὲν,
841 805 951 858 quod
980 819 1059 844 om.
1084 806 1135 843 A.
1158 819 1205 853 r..
1229 805 1424 857 expungi.
1486 805 1643 845 Orator

124 864 235 904 enim
264 863 297 903 si
329 863 423 902 huic
450 864 523 913 μὲν
551 862 647 901 illud
681 864 721 901 δὲ
750 861 999 915 respondere
1032 861 1237 909 voluisset.
1266 861 1333 906 sic.
1358 861 1514 914 opinor.
1546 861 1643 901 scri-

124 924 274 974 pturus
305 924 426 960 erat:
463 920 536 972 οὐχ
556 918 745 970 (ἀδελφὸς
773 920 846 968 μὲν
878 918 1012 957 τούτου
1044 919 1105 957 διὰ
1135 918 1204 967 τὴν
1236 917 1352 956 αὐτοῦ
1383 919 1641 968 πονηρίαν-.

187 1045 309 1087 1330,
337 1044 399 1084 17.
435 1033 764 1084 ἐπιχειροτονιῶν]
799 1029 1127 1084 Harpocration,
1148 1030 1475 1082 Ἐπιχειροτονία,
1510 1031 1532 1079 ἡ
1568 1033 1644 1069 τῶν

125 1093 407 1142 χειροτονητῶν
437 1088 684 1129 κατάστασις.
748 1087 913 1127 Scilicet
935 1087 967 1125 si
989 1087 1270 1140 probarentur
1291 1088 1326 1125 οἱ
1351 1087 1620 1138 χειροτονητοί
1634 1101 1642 1124 ;

125 1145 201 1193 sin,
231 1145 360 1185 fiebat
390 1145 535 1185 eadem
563 1144 811 1195 μετάστασις,
835 1158 940 1197 quae
969 1143 1008 1183 h.
1034 1143 1059 1182 l.
1082 1142 1354 1193 intelligenda
1385 1146 1461 1182 est.
1526 1141 1643 1183 Conf.

125 1203 215 1242 οὔτε
235 1203 371 1253 λαχὼν
393 1200 468 1241 οὔτ’
492 1202 695 1252 ἐπιλαχών
716 1215 756 1254 p.
782 1213 900 1253 1331,
924 1201 961 1239 6.
997 1199 1254 1239 SCHAEF.

183 1257 253 1308 τὴν
275 1257 398 1309 ἀρχὴν
421 1258 592 1308 ἅπασαν]
619 1257 766 1298 πάντας
787 1257 873 1297 τοὺς
895 1255 1176 1307 συνάρχοντας.
1212 1254 1469 1293 SCHAEF.

188 1326 307 1367 1330,
336 1315 398 1353 18.
429 1314 604 1364 ἐποίησε]
632 1312 777 1352 Videri
802 1316 929 1364 queat
958 1310 1169 1351 subaudiri
1195 1325 1316 1363 posse
1345 1311 1644 1362 ἀποχειροτονη-

126 1372 252 1419 θῆναι.
319 1370 401 1409 Sed
423 1369 554 1409 multo
576 1373 640 1408 est
665 1368 923 1422 probabilius
944 1373 1039 1421 post
1062 1383 1096 1407 v.
1120 1367 1279 1406 ἃπασαν
1301 1366 1444 1405 deesse
1471 1366 1645 1416 ἀστεφά-

128 1442 262 1465 νωτον.
303 1426 347 1465 in·
387 1440 526 1465 caussa
555 1425 648 1478 fait
686 1430 727 1463 nt
765 1431 924 1464 senalus
960 1424 1021 1463 vel
1062 1423 1263 1475 colleyinm
1307 1422 1645 1462 {leesmotltelczmzm

126 1496 266 1522 corona
287 1482 538 1535 prz'rarefzcr.
574 1481 766 1520 REISK.
828 1482 1225 1532 ἀποχειροτονηθῆναι
1255 1478 1470 1518 subaudiri
1506 1478 1643 1527 debet,

127 1552 210 1578 non
232 1542 398 1578 tantum
424 1542 577 1591 potest.
621 1538 674 1576 V.
697 1537 803 1576 infra
826 1552 862 1576 v.
892 1549 955 1589 25.
993 1536 1255 1575 Ss'HAEF.

184 1595 326 1645 αὐτῶν]
354 1594 521 1634 Scilicet
542 1598 618 1633 τῶν
640 1595 930 1645 συναρχόντων.
965 1592 1225 1631 SCHAEF.

192 1664 308 1704 1330,
336 1663 398 1690 21.
420 1651 508 1691 τοὺς
531 1649 764 1701 στεφάνους]
796 1649 960 1702 Insigne
981 1647 1266 1701 magistratus.
1302 1647 1560 1687 SCHAEF.

189 1719 307 1760 1331,
331 1719 369 1760 3.
407 1706 633 1757 ἀπηλλάγη]
674 1704 738 1745 Ab
775 1704 995 1744 accusando
1031 1704 1188 1752 destitit,
1226 1717 1307 1743 rem
1344 1703 1503 1743 missam
1530 1703 1643 1756 ficit.

128 1762 352 1816 Proprium
385 1763 462 1803 hac
500 1763 550 1802 de
586 1776 630 1801 re
663 1762 847 1801 verbum.
908 1760 1101 1800 Recurrit
1135 1775 1173 1813 p.
1201 1771 1403 1813 1332,17.
1437 1760 1645 1799 διελύσατο

128 1833 225 1858 111οΧ
247 1834 282 1859 v.
307 1820 343 1858 8.
381 1819 640 1858 SCHAEF.

189 1888 308 1928 1331,
331 1877 371 1915 6.
409 1876 626 1926 ἐπιλαχών]
669 1874 793 1912 Hunc
834 1873 983 1920 locum,
1018 1872 1176 1926 opinor,
1212 1871 1441 1925 respiciunt
1470 1871 1643 1910 «Anecd.

129 1930 261 1971 Bekk.
285 1946 323 1984 p.
351 1932 442 1984 256,
465 1944 504 1983 3.
538 1929 796 1969 SCHAEF.

189 2000 308 2039 1331,
337 2000 400 2026 10.
425 1988 486 2026 καὶ
515 1986 650 2027 πιστὸς
679 1986 741 2024 καὶ
770 1986 966 2035 κρείττων]
993 1984 1077 2023 Pro
1100 1983 1227 2022 infido
1249 1983 1380 2023 fratre
1409 1983 1647 2022 habebatur

126 2042 173 2090 is,
196 2043 266 2096 qui
287 2042 430 2082 fratris
453 2042 621 2082 caedem
643 2056 724 2080 non
747 2041 786 2080 in
810 2046 1042 2094 peremtore
1060 2039 1217 2093 judicio
1239 2044 1311 2079 aut
1335 2053 1459 2078 manu
1482 2043 1647 2079 armata

127 2104 441 2151 exsequeretur,
474 2098 547 2138 sed
578 2111 672 2138 eum
705 2097 914 2136 homicida
949 2096 1308 2149 depecisceretur:
1347 2095 1454 2134 fidus
1485 2099 1646 2143 contra,

128 2154 199 2208 qui
221 2155 400 2208 pretium
423 2154 633 2208 sanguinis
656 2167 776 2193 omne
804 2157 1030 2197 recusaret,
1054 2152 1125 2191 sed
1157 2151 1406 2191 homicidam
1428 2156 1503 2190 aut
1525 2150 1648 2190 exilio

127 2211 327 2251 multaret
347 2216 421 2251 aut
443 2225 567 2250 manu
591 2225 665 2250 sua
687 2209 854 2249 talionis
876 2223 974 2263 ergo
995 2208 1261 2248 interficeret.
1296 2207 1492 2247 REISK.

189 2280 308 2320 1331,
338 2280 398 2320 13.
431 2267 586 2307 πάντων
617 2267 776 2317 τούτων]
813 2265 1031 2320 Significat
1060 2264 1214 2318 gulam,
1244 2268 1444 2310 ventrem,
1477 2268 1647 2311 vestem,

127 2321 339 2372 familiam,
368 2322 632 2372 domicilium,
659 2322 930 2376 gestationes,
953 2320 1114 2369 balnea,
1143 2319 1345 2369 aedificia,
1368 2319 1465 2368 alia,
1489 2319 1531 2358 in
1561 2318 1648 2372 qui-

127 2378 206 2418 bus
226 2379 347 2418 luxus
375 2378 571 2419 cernitur.
604 2378 798 2418 REISK.

185 2433 229 2474 δι’
253 2436 322 2485 ὧν]
347 2435 429 2474 Per
452 2439 639 2474 ventrem
667 2439 710 2474 et
738 2434 889 2488 gulam.
954 2432 1102 2473 Malim
1130 2436 1273 2472 tamen
1302 2430 1347 2471 δι’
1377 2431 1412 2471 ἆ.
1445 2430 1644 2470 REISK.

128 2489 220 2544 Ego
241 2504 323 2529 non
345 2490 457 2530 item.
494 2490 750 2530 SCHAEF.

191 2558 310 2598 1331,
337 2558 400 2597 17.
425 2545 710 2596 τοῦ-πατρὸς]
739 2544 907 2585 Scilicet
927 2548 994 2584 τοῦ
1016 2543 1212 2595 ἡμετέρου.
1248 2541 1441 2581 REISK.

194 2614 311 2654 1331,
337 2613 402 2641 21.
439 2602 482 2640 ἐν
516 2600 546 2654 ᾧ
582 2601 652 2650 τὴν
685 2602 911 2652 σίτησιν-]
938 2600 1058 2640 Haec
1098 2597 1339 2652 explanabit
1371 2595 1565 2637 Valesius
1596 2597 1651 2637 ad

132 2656 388 2709 Harpocrat.
413 2672 452 2710 p.
477 2668 568 2708 171.
602 2656 861 2696 TAYLOR.

190 2714 360 2763 σίτησιν]
397 2713 501 2752 Cum
531 2727 571 2765 p.
598 2724 717 2766 1332,
741 2726 778 2766 3.
817 2712 981 2752 dicatur
1017 2712 1153 2762 δωρεὰ,
1186 2709 1351 2749 videtur
1381 2707 1651 2761 intelligenda

132 2769 284 2817 σίτησις
320 2770 362 2807 ἐν
393 2770 606 2820 πρυτανείῳ
641 2767 751 2820 (coll.
773 2781 812 2821 p.
837 2769 933 2820 663‚
958 2768 1040 2819 10.)
1074 2766 1174 2805 data
1205 2777 1346 2818 puerQ
1379 2768 1426 2803 ut
1456 2763 1567 2816 patri
1599 2764 1650 2803 de

130 2823 288 2877 republ.
317 2823 421 2864 bene
447 2823 596 2863 merito
621 2823 753 2864 honos
780 2828 876 2877 post
903 2827 1082 2863 mortem
1111 2821 1350 2860 haberetur.
1385 2820 1647 2859 SCHAEF.

134 2879 318 2919 Videtur
353 2893 420 2919 res
455 2879 513 2918 sic
550 2893 638 2918 esse
679 2884 934 2932 comparata.
999 2876 1296 2917 Ischomachus
1332 2889 1458 2928 quum
1495 2874 1650 2929 optime

133 2940 243 2975 esset
272 2935 324 2976 de
353 2949 398 2974 re
428 2934 593 2988 publica
622 2933 1102 2988 meritus—cognatione
1133 2933 1311 2973 fortasse
1341 2930 1487 2985 attigit
1510 2931 1653 2971 Ischo-
