1935 3200
347 138 459 178 1224
729 139 763 178 A
775 138 1051 179 DVERSUS
1085 139 1472 181 LEOOHAREM.

347 242 468 281 κότων
489 254 725 295 expungere
745 246 792 282 ut
814 245 915 282 nata
935 257 986 282 ex
1013 242 1360 298 interpretatione
1387 244 1607 299 marginali
1633 243 1852 285 locutionis

346 298 466 346 ἀκοὴν
495 301 702 348 μαρτυρεῖν
732 298 855 347 (conf.
880 298 998 339 Orat.
1023 299 1079 339 Π.
1103 314 1136 339 e.
1162 300 1363 354 Stephan.
1384 315 1423 354 p.
1448 314 1565 354 1130‚
1591 301 1702 354 27).”
1761 301 1852 355 Ego

346 353 561 392 Reiskium
592 368 752 406 sequar,
783 354 912 394 donec
943 354 1036 394 libri
1068 356 1252 395 nondum
1283 357 1444 396 excussi
1476 357 1732 410 probabilius
1755 357 1854 410 quid

345 409 549 449 dederint.
612 410 901 450 Schoemanno
933 411 1099 464 quidem
1132 427 1183 452 ne
1216 413 1423 453 assentiar
1453 414 1596 453 obstat
1630 413 1853 453 manifesta

344 465 455 505 inter
475 470 550 506 τῶν
567 468 896 516 τετελευτηκότων
913 472 955 507 et
978 469 1117 516 ζῶντος
1137 471 1204 508 τοῦ
1225 469 1370 520 πατρὸς
1385 469 1606 523 oppositio.
1639 469 1853 510 SCHAE-

345 521 476 562 FER.

404 589 524 632 1097,
540 589 578 633 5.
603 581 772 630 κάκεῖνο]
799 579 904 620 Post
921 581 1073 621 κάκεῖνο
1090 580 1209 634 plene
1225 581 1484 634 interpunxit
1501 581 1679 621 Bekker.
1721 581 1853 622 Plane

344 633 402 673 sic
437 635 590 674 dicitur
622 637 684 676 καὶ
716 640 826 675 τοῦτο
857 651 897 689 p.
923 638 1015 685 268,
1039 648 1113 691 ῐ5.,
1140 638 1250 677 Add.
1273 652 1312 690 p.
1336 650 1456 692 1294,
1482 649 1546 678 21.
1594 638 1851 678 SCHAEF.

344 689 397 729 V.
419 691 473 730 ad
496 706 535 745 p.
556 704 624 745 43,
649 703 710 744 15.

404 758 525 801 1097,
550 749 588 787 6.
612 748 766 801 τοῦτον]
805 748 1052 789 Leocharem.
1095 750 1297 789 REISK.

401 804 674 857 ἐπεγράψατο]
703 804 936 844 Praeserz'bi
957 805 1112 846 curavit
1134 805 1260 846 libello
1282 807 1552 857 διαμαρτυρίας
1577 819 1643 846 seu
1670 812 1852 847 contesta-

340 858 468 909 tionis,
492 874 568 900 ozon
593 874 720 907 summ
746 861 969 910 Leostrati‚
991 861 1059 901 sed
1081 862 1209 917 hujus,
1235 861 1306 902 filii
1338 862 1411 911 sui,
1436 861 1677 910 Leocharis,
1700 876 1850 902 nomen.

343 914 397 955 V.
415 931 452 955 v.
475 929 534 969 13.
581 917 782 956 REISK.

398 975 444 1026 τῇ
473 975 735 1026 διαμαρτυρίᾳ]
774 973 879 1013 Post
911 974 1011 1014 haec
1033 974 1159 1013 verba
1190 974 1438 1014 subauditur
1459 974 1479 1013 ὃ
1503 975 1580 1014 ἔδει
1607 973 1724 1015 αὐτὸν
1744 976 1851 1024 ποιῆ-

342 1045 421 1074 σαι,
445 1028 492 1067 iel
509 1029 614 1082 qnod
631 1035 761 1069 {samen
781 1044 868 1069 eum
890 1029 1246 1083 oportebatfacere.
1290 1031 1493 1070 REISK.

401 1094 525 1138 1097,
548 1085 586 1125 8.
603 1085 805 1140 ‘'On—rof>
822 1085 1024 1138 Ἀρχιάδῃ]
1061 1086 1141 1125 His
1169 1086 1304 1126 verbis
1336 1086 1545 1126 rationem
1574 1086 1714 1127 reddit
1746 1086 1849 1126 Leo-

340 1144 511 1189 stratus,
544 1155 617 1180 cur
648 1156 731 1181 non
764 1156 838 1181 suo
873 1142 1038 1182 nomine
1069 1144 1407 1194 ὃιαμεμαρτύρηκε.
1447 1144 1707 1184 SEAGER.
1730 1142 1848 1183 Diar.

340 1196 508 1237 Classic.
534 1198 600 1236 60.
622 1212 662 1251 p.
688 1199 781 1250 267.

400 1265 523 1305 1097,
546 1255 606 1293 16.
627 1254 696 1306 μὴ]
728 1254 934 1294 Cohaeret
956 1269 1049 1295 cuin
1071 1256 1236 1294 ἀκούειν.
1278 1269 1445 1308 aequum
1467 1261 1518 1295 est
1540 1269 1602 1295 ⁰:03
1624 1254 1780 1308 rejicere
1799 1252 1848 1294 ab

338 1308 504 1348 auribus
534 1311 668 1350 cestris
698 1316 732 1350 et
761 1310 964 1350 exeludem
993 1312 1206 1351 orationem
1226 1311 1436 1359 Leosn‘atz‘,
1459 1325 1556 1359 οιινι,
1579 1311 1626 1350 id
1647 1311 1751 1364 quod
1767 1317 1849 1351 sta-

335 1365 408 1405 tim
426 1365 571 1417 fizciet,
595 1366 643 1404 dc
670 1366 782 1406 rebus
803 1366 854 1406 «iis
875 1366 1109 1420 disputabit,
1132 1381 1229 1420 quas
1249 1381 1369 1407 causus
1396 1382 1474 1407 own
1493 1367 1585 1421 fecit
1606 1366 1733 1407 libello
1753 1381 1849 1408 suae

338 1422 626 1461 contestationis
646 1423 888 1462 committere.
931 1424 1134 1463 REISK.

399 1488 519 1531 1097,
538 1488 600 1530 17.
622 1480 718 1529 ὑπὲρ
735 1480 788 1518 ὧν
803 1480 1146 1532 γε-ἐτόλμησεν]
1176 1479 1284 1519 Nam
1303 1479 1558 1519 Leocharen]
1579 1479 1709 1518 filium
1730 1478 1847 1520 testi-

337 1533 520 1574 ficationi
542 1534 767 1588 inscripsit.
800 1535 993 1575 WOLF.

405 1600 525 1643 1097,
561 1603 625 1631 21.
666 1596 819 1643 πρῶτον
857 1593 945 1643 μὲν]
1011 1592 1251 1646 Respondet
1301 1592 1356 1632 ἔτι
1401 1592 1531 1632 τοίνυν
1569 1606 1609 1645 p.
1645 1592 1764 1645 1098,
1805 1605 1846 1646 3.

339 1647 597 1686 SCHAEF.

397 1703 517 1756 1098,
540 1715 603 1756 13.
629 1704 691 1742 καὶ
713 1705 755 1742 ἐκ
776 1705 1058 1755 τῶν-λόγων]
1095 1703 1283 1756 Scriptus
1306 1703 1517 1744 orationes
1538 1703 1733 1757 appellat,
1757 1703 1845 1757 opi-

335 1772 423 1806 nor,
446 1759 557 1812 leges
579 1763 622 1799 et
644 1759 882 1799 testimonia
903 1759 944 1798 in
966 1759 1141 1799 tabellas
1162 1761 1308 1800 relata.
1370 1759 1460 1799 Nisi
1487 1760 1596 1800 forte
1626 1760 1846 1814 legendum

335 1828 503 1854 censeas
525 1816 586 1855 καὶ
609 1817 650 1855 ἐκ
671 1819 746 1855 τῶν
768 1815 1047 1867 γεγραμμένων
1070 1817 1196 1865 νόμων
1219 1818 1279 1856 καὶ
1306 1817 1346 1855 ἐκ
1368 1820 1443 1856 τῶν
1466 1815 1676 1867 εἰρημένων
1697 1817 1842 1867 λόγων,

333 1875 408 1911 aut
439 1873 485 1911 τὰ
516 1871 767 1922 γεγραμμένα
797 1872 952 1912 reseras
987 1871 1040 1911 ad
1076 1871 1208 1925 ipsam
1241 1874 1514 1923 διαμαρτυρίαν
1543 1876 1584 1911 et
1618 1871 1845 1912 accusatio-

333 1941 440 1966 nem.
476 1928 673 1967 WOLF.
737 1928 846 1967 Num
878 1928 1158 1980 γεγραμμένων
1184 1928 1432 1969 mutandum
1463 1928 1505 1967 in
1535 1927 1846 1980 πεπραγμένωνὲ

334 1984 538 2023 REISK.

394 2041 513 2093 1098,
541 2052 605 2081 22.
641 2043 706 2090 τῆς
737 2040 945 2093 ποιήσεως]
986 2039 1205 2080 Genitivus
1240 2044 1304 2090 τῆς
1338 2040 1529 2091 ποιήσεως
1563 2044 1686 2094 aptus
1721 2044 1787 2080 est
1822 2054 1843 2080 e

333 2096 602 2148 sequentibus
623 2100 700 2136 τῶν
716 2098 915 2147 μὲν-τοῦ
936 2095 1037 2136 δ’ῄ.
1079 2098 1115 2135 οἱ
1135 2100 1200 2146 τῆς
1221 2097 1412 2147 ποιήσεως
1427 2101 1492 2136 est
1513 2096 1535 2136 i.
1553 2111 1590 2149 q.
1609 2098 1645 2136 οἱ
1665 2095 1843 2146 ποιηθέν-

333 2168 409 2200 τες,
432 2166 598 2205 quorum
620 2159 672 2192 est
692 2153 863 2206 adoptio.
908 2153 1167 2192 SCHAEF.

394 2209 513 2260 1098,
538 2210 603 2249 26.
629 2209 902 2260 κληρονομεῖν]
945 2208 1149 2248 Absolute
1170 2207 1465 2261 accipiendum.
1501 2208 1696 2247 WOLF.

393 2277 513 2317 1099,
535 2274 572 2316 5.
603 2263 701 2303 τοῦτ’
725 2265 897 2317 ἐπιλίπῃ]
935 2264 1101 2303 Scilicet
1131 2265 1173 2303 τὸ
1207 2264 1503 2315 ἐγκαταλείπειν
1530 2263 1634 2305 υἱοὺς
1663 2264 1840 2315 γιγνομέ-

333 2336 433 2361 νους.
474 2319 517 2358 τὸ
538 2319 759 2372 relinquere
784 2320 828 2359 in
853 2320 992 2374 aliqua
1018 2320 1257 2359 haereditate
1271 2320 1383 2372 filios
1406 2334 1452 2359 ea:
1470 2334 1508 2360 se
1528 2326 1639 2360 natos
1658 2319 1725 2360 ubi
1743 2320 1841 2360 desi-

332 2376 419 2415 erit.
462 2375 666 2414 REISK.

392 2445 514 2485 1099,
534 2433 597 2471 16.
619 2431 778 2481 ποιητὸν
799 2432 882 2471 υἱὸν
902 2432 953 2481 μὴ
974 2434 1185 2483 ποιεῖσθαι]
1222 2431 1370 2472 Nescio
1391 2446 1443 2472 an
1465 2431 1645 2486 primum
1662 2433 1838 2472 vocabu-

330 2487 415 2527 hun
437 2487 492 2527 sit
509 2487 768 2541 ejiciendum.
812 2487 906 2526 Non
928 2488 1035 2527 enim
1051 2493 1169 2528 vetat
1190 2488 1256 2527 lex
1277 2493 1324 2528 ut
1346 2503 1396 2528 ne
1410 2488 1512 2541 quis,
1530 2488 1599 2542 qui
1621 2488 1707 2542 ipse
1728 2492 1839 2528 esset-

330 2544 570 2597 adoptatus‚
603 2543 729 2584 alium
768 2543 869 2583 item
910 2545 1159 2597 adoptatum
1198 2545 1386 2598 adoptet,
1421 2545 1492 2584 sed
1527 2550 1575 2585 ut
1609 2545 1838 2598 adoptatus

330 2600 452 2654 plane
482 2600 687 2641 neminem
716 2600 901 2653 adoptet,
925 2601 996 2640 sed
1018 2600 1122 2640 filios
1147 2600 1313 2654 quidem
1334 2615 1384 2641 ex
1409 2615 1451 2640 se
1471 2606 1593 2641 natos
1623 2600 1665 2640 in
1696 2601 1837 2640 haere-

331 2656 465 2697 ditate
486 2657 708 2710 relinquat,
731 2656 809 2696 illis
833 2661 974 2697 autem
1001 2657 1286 2697 deficientibus
1316 2657 1621 2697 haereditatem
1650 2670 1836 2697 necessa-

330 2713 401 2753 riis
423 2713 584 2753 reddat.
618 2712 813 2752 REISK.
874 2713 1033 2763 ποιητὸν
1055 2713 1223 2753 Reiskio
1253 2728 1471 2767 perperam
1501 2713 1757 2753 intellectum
1780 2713 1834 2752 ab

330 2774 498 2810 oratore
520 2769 657 2809 omitti
678 2774 869 2823 poterat:
903 2768 1084 2823 expungi
1110 2783 1192 2809 non
1215 2769 1350 2810 debet.
1414 2769 1704 2823 Significanter
1728 2768 1835 2808 enim

325 2826 559 2880 jUngllntur
581 2827 719 2866 ἀπεῖπε
741 2826 791 2879 τῷ
814 2829 980 2879 ποιητῷ
1004 2826 1103 2878 αὐτῷ
1127 2827 1209 2866 ὄντι
1230 2826 1421 2876 ποιητὸν
1442 2826 1527 2865 υἱὸν
1541 2825 1593 2875 μὴ
1613 2827 1832 2865 ποιεῖσθαι;

330 2887 578 2936 oportetque
599 2881 801 2922 vocabula
825 2881 1005 2922 diductis
1035 2881 1187 2922 litteris
1218 2882 1372 2936 scripta
1399 2881 1459 2922 ita
1488 2880 1762 2935 pronuntiari,
1786 2884 1834 2920 ut
