1935 3200
276 108 386 148 1132
769 109 886 150 PRO
919 108 1298 151 PHORMIONE.

332 215 428 267 956,
455 227 518 254 11.
541 213 849 267 e'qu——oz’mt‘a9]
874 213 1041 254 Redz'tus
1058 215 1260 268 portionis
1286 214 1580 255 haereditariae
1605 214 1740 256 statim
1767 230 1793 256 a

268 270 490 323 principio,
513 285 632 324 quum
651 271 835 322 primum
855 270 1078 310 haereditas
1098 277 1332 318 cerneretur,
1355 270 1438 324 ipsi
1465 270 1706 312 contributae
1721 286 1794 325 per

273 326 419 379 vicima?
436 332 761 380 praeterpropter
787 340 910 365 annos
930 326 1117 379 percepti.
1153 326 1347 366 REISK.
1410 327 1536 367 After
1564 328 1637 368 the
1665 328 1793 368 death

276 382 322 421 of
348 382 473 421 Pasio
502 383 585 422 and
614 383 687 422 the
717 382 924 436 marriage
952 382 998 421 of
1020 383 1094 422 the
1122 383 1265 422 widow
1295 387 1340 423 to
1364 383 1574 431 Phormio,
1598 384 1671 423 the
1699 398 1793 437 pro-

274 442 395 491 perty
423 439 469 477 of
496 438 623 478 Pasio
655 453 739 478 was
770 438 933 478 divided
964 439 1151 478 between
1181 439 1254 478 the
1285 453 1381 478 sons
1408 455 1415 478 :
1448 454 1488 492 p.
1514 450 1611 492 947.
1645 441 1682 479 οἱ
1713 441 1793 480 ἐπί-

272 496 672 545 τροποι-νείμασθαι
702 497 750 534 τὰ
781 496 875 534 ὄντα
905 496 1001 545 ὑπὲρ
1032 498 1099 534 τοῦ
1129 495 1265 537 παιδὸς
1298 495 1390 547 (the
1420 495 1555 535 minor
1587 495 1790 546 Pasicles)

273 550 466 601 ἔγνωσαν.
528 551 628 590 And
653 550 738 591 this
762 550 936 590 division
966 565 1050 590 was
1078 551 1272 605 eighteen
1292 565 1412 605 years
1439 552 1580 591 before
1608 551 1681 592 the
1702 566 1792 605 pre-

272 611 366 646 sent
398 606 565 646 action:
609 622 649 660 p.
673 619 768 660 950.
801 610 908 647 δυοῖν
943 607 1083 647 δέοντα
1119 609 1266 647 εἴκοσιν
1300 608 1407 647 ἐστὶν
1442 609 1482 657 ἐξ
1515 609 1605 648 ὅτου
1639 609 1790 658 ἐνείμω.

273 662 545 703 OLINTON.
570 663 689 703 Fast.
716 662 825 703 Hell.
848 663 926 703 vol.
954 676 989 702 2.
1012 678 1052 716 p.
1076 664 1172 716 358.

332 720 426 771 956,
455 722 518 759 16.
541 721 666 771 οὗτος]
695 719 905 759 Phormio.
940 718 1190 759 SCHAEF.

328 777 423 828 956,
451 786 514 827 17.
539 775 648 816 πένθ’
670 775 962 828 ἡμιταλάντων]
990 778 1098 816 Sunt
1119 776 1201 815 duo
1230 775 1391 816 talenta
1421 789 1515 816 cum
1536 775 1720 824 dimidio,
1743 781 1791 816 ut

270 836 384 871 recte
426 831 518 872 Ind.
559 832 788 872 Graecitat.
828 846 858 871 s.
896 846 931 871 v.
971 833 1100 882 ἥμισυ.
1164 832 1218 871 V.
1257 847 1295 884 p.
1327 833 1424 884 598,
1460 845 1524 885 23.
1567 844 1686 886 1333,
1725 845 1786 872 11.

274 888 533 928 SCHAEF.

326 946 422 997 956,
449 957 513 984 20.
544 945 989 995 καταλελειτουργηκώς]
1019 944 1110 983 lnd.
1137 944 1369 984 Graecitat.
1393 950 1417 966 ‘²
1435 948 1788 995 καταλειτουργεΐν,

267 1000 374 1039 ludis
410 1000 581 1040 edendis
616 1015 705 1040 rem
740 1000 987 1040 familiarem
1024 1000 1285 1040 exhaurirefi
1346 1000 1440 1039 Non
1477 1004 1645 1040 tantum
1680 1000 1788 1040 ludis

268 1056 451 1105 edendis,
475 1057 546 1097 sed
573 1057 740 1096 omnino
761 1057 1003 1096 muneribus
1024 1056 1198 1110 publicis
1224 1056 1440 1103 obeundis,
1463 1061 1511 1096 ut
1531 1056 1618 1110 ipse
1641 1056 1789 1096 Reisk-

268 1111 331 1152 ius
360 1113 415 1152 ad
446 1113 616 1166 Dionys.
644 1112 782 1153 Halic.
807 1113 884 1152 vol.
907 1127 945 1165 5.
969 1128 1007 1166 p.
1032 1115 1112 1164 696
1136 1114 1175 1153 b.
1239 1113 1352 1153 Nota
1381 1112 1442 1152 vis
1470 1112 1789 1167 praepositionis

268 1168 362 1208 κατά
401 1169 443 1208 in
478 1170 632 1210 talibus
669 1169 920 1222 compositis.
965 1173 1297 1220 καθιπποτροφεῖν
1333 1173 1375 1209 et
1413 1169 1788 1221 καταζευγοτροφεῖν

270 1225 400 1265 habet
422 1225 569 1266 Isaeus
591 1241 630 1279 p.
655 1227 730 1264 116
755 1225 805 1265 R.
841 1225 1096 1266 SOHAEF.

326 1283 425 1334 956,
450 1294 513 1335 23.
537 1280 753 1335 προσόδου]
780 1282 833 1321 V.
856 1296 895 1334 p.
920 1292 1015 1334 957,
1042 1294 1100 1321 ῐΟ.
1137 1280 1385 1321 SOHAEF.

322 1350 417 1390 957,
450 1351 488 1390 3.
527 1342 764 1377 BIBAION.
804 1341 1132 1377 HPOKAHSIE.
1178 1337 1480 1390 MAPTTPIA]
1518 1336 1643 1390 Vulg.
1677 1337 1781 1387 Πρό-

266 1398 414 1442 κλησις.
448 1396 663 1445 Μαρτυρία.
724 1393 851 1433 Initio
874 1394 995 1447 hujus
1017 1408 1158 1433 versus
1180 1393 1439 1447 adscriptum
1461 1392 1580 1433 velim
1602 1394 1782 1443 Βιβλίων,

265 1449 473 1498 schedula,
497 1465 579 1503 qua
602 1450 849 1503 consignata
871 1455 991 1490 erant
1012 1450 1291 1489 emolumenta
1312 1449 1461 1495 omnia,
1486 1463 1592 1502 quae
1614 1449 1786 1503 Apollo-

261 1506 388 1546 dorus
410 1511 484 1547 aut
506 1521 527 1546 e
550 1512 727 1560 paterna
748 1506 1010 1546 haereditate
1036 1506 1267 1560 accepisset
1288 1510 1363 1545 aut
1384 1520 1458 1559 per
1479 1505 1625 1559 viginti
1651 1509 1785 1546 annos

264 1563 565 1615 propemodum
587 1562 628 1601 in
651 1577 727 1601 usu
750 1567 792 1602 et
813 1564 952 1602 fructu
978 1562 1204 1602 habuisset.
1239 1563 1441 1602 REISK.

323 1631 419 1671 957,
448 1620 484 1658 8.
510 1636 611 1658 εκειι
615 1619 662 1671 ω]
694 1619 789 1658 Pas·
760 1619 875 1658 s.10ni
911 1619 1022 1658 SCH
1030 1619 1167 1658 AEF.

323 1688 418 1726 957,
444 1689 482 1728 9.
507 1676 627 1726 οὗτοι]
656 1675 935 1728 Apollodorus
957 1680 1000 1714 et
1023 1675 1220 1714 Pasicles
1255 1675 1390 1714 SCH
1387 1675 1514 1713 XEF.

321 1748 382 1770 και
411 1748 555 1770 τοσαυτ
555 1730 834 1783 ’--ἠκούσατε]
864 1731 973 1772 Cous
977 1730 1132 1771 t1uct10
1161 1731 1348 1784 postulat
1377 1730 1461 1770 sie:
1497 1731 1558 1769 καὶ
1587 1731 1785 1770 τοσούτων

263 1788 482 1836 ἀνηλωκὼς,
505 1789 610 1826 ὅσων
630 1789 738 1837 ὑμεις
759 1788 963 1836 ἠκούσατε.
988 1787 1063 1826 RE
1071 1787 1183 1826 ISK.
1219 1786 1404 1826 Multum
1421 1786 1589 1826 fallitur
1623 1786 1781 1826 Verte:

259 1856 422 1896 cumque
451 1843 649 1883 tantulum
673 1843 856 1896 (publico
886 1844 1014 1890 bono)
1039 1843 1285 1896 impenderit,
1309 1842 1548 1896 quantulzmt
1575 1855 1639 1881 vos
1666 1842 1783 1881 aude-

259 1899 384 1939 vz'stis.
422 1904 608 1946 τοσαῦτα,
632 1899 742 1952 quod
766 1914 800 1939 v.
823 1910 862 1952 5.
886 1899 965 1939 fnit
988 1899 1203 1948 αὐξητικόν,
1227 1898 1291 1938 hic
1314 1903 1379 1938 est
1399 1899 1613 1948 μειωτικόν.
1662 1897 1783 1948 Quod

258 1960 399 1995 autem
432 1955 648 1994 Reiskium
676 1955 795 2009 fugit,
825 1956 912 1994 οὐδὲ
945 1955 1173 1994 πολλοστὸν
1203 1955 1317 2005 μέρος
1350 1972 1381 1993 κ.
1405 1972 1435 1993 τ.
1454 1960 1492 1994 λ.
1523 1968 1606 1993 non
1637 1954 1783 1994 cohae-

258 2015 353 2051 rent
375 2016 635 2052 συντοικτικῶς
656 2026 750 2051 cunl
771 2011 1128 2059 antecedentibus,
1153 2012 1224 2051 sed
1245 2010 1395 2051 addita
1421 2015 1519 2051 sunt
1543 2012 1781 2061 ἐξηγητικῶς.

266 2066 518 2107 SGHAEF.

318 2134 414 2175 957,
462 2135 523 2162 10.
575 2124 662 2163 οὐδὲ
713 2123 1092 2163 πολλοστὸν-τῶν
1144 2123 1331 2176 ἀρχαίων]
1383 2122 1436 2161 V.
1488 2137 1527 2174 p.
1572 2122 1666 2173 956,
1715 2134 1779 2163 22.

265 2178 515 2219 SGHAEF.

317 2246 412 2287 957,
440 2248 502 2274 11.
527 2235 625 2287 ἐρεῖ]
649 2236 701 2273 V.
728 2240 811 2274 not.
836 2235 890 2274 ad
919 2250 958 2288 p.
981 2248 1078 2287 503,
1101 2248 1140 2287 5.
1176 2235 1435 2274 SCHAEF.

316 2302 411 2341 957,
440 2303 501 2341 ῐ5.
533 2292 662 2342 τόνδε]
692 2291 1008 2344 Apollodorum,
1038 2305 1132 2338 non,
1157 2295 1204 2330 ut
1236 2289 1445 2337 Reiskius,
1469 2288 1777 2329 Phormionem.

265 2346 519 2386 SOHAEF.

317 2402 393 2441 ἀπὸ
427 2406 503 2441 τῶν
537 2402 670 2454 αὑτοῦ]
711 2402 804 2441 Non
840 2403 954 2442 facta
989 2402 1223 2442 accessione
1260 2402 1463 2441 bonorum
1499 2400 1776 2448 Phormionis,

257 2472 364 2511 quae
387 2457 442 2497 illi
466 2457 747 2510 Apollodorus
768 2472 877 2497 nune
900 2458 933 2497 it
955 2463 1156 2511 ereptum.
1195 2457 1442 2498 SOHAEF.

314 2513 451 2567 τούτῳ]
475 2513 747 2566 Apollodoro.
781 2513 975 2553 REISK.

315 2579 410 2622 957,
441 2570 502 2608 16.
528 2569 680 2622 δόντας]
705 2569 890 2608 subaudi
920 2571 1030 2618 ὑμᾶς,
1053 2569 1163 2621 quod
1193 2569 1290 2608 addi
1321 2568 1410 2608 vult
1434 2568 1627 2614 NVolfius,
1650 2567 1777 2620 expli-

256 2625 392 2673 candi,
416 2625 550 2671 credo,
573 2625 722 2677 gratia.
757 2625 949 2664 REISK.
1013 2624 1107 2663 Non
1135 2624 1366 2677 explicandi
1395 2623 1546 2677 gratia,
1571 2623 1643 2662 sed
1665 2623 1775 2676 quod

256 2681 312 2721 illi
346 2680 625 2721 necessarium
658 2680 880 2719 videretur.
944 2680 1077 2732 Atqui
1113 2680 1303 2719 consulto
1337 2679 1535 2718 omissum
1568 2683 1647 2728 est,
1679 2679 1775 2732 quia

256 2738 380 2777 modo
401 2736 627 2777 antecessit
648 2738 748 2786 ὑμῖν.
783 2735 1032 2776 SOHAEF.

312 2793 467 2845 τούτου]
514 2792 679 2831 Scilicet
719 2795 786 2832 τοῦ
828 2793 1068 2842 Φορμίωνος.
1114 2791 1304 2830 WOLF.
1381 2791 1470 2830 lmo
1512 2804 1608 2829 vero
1651 2793 1773 2833 τοῦδε,

263 2847 536 2887 Phormionis.
599 2848 707 2887 Nam
730 2848 794 2886 ὅδε
823 2847 889 2886 hic
917 2847 994 2886 loci
1023 2851 1087 2886 est
1110 2846 1322 2892 Phormio,
1347 2848 1457 2888 οὗτος
1479 2846 1771 2899 Apollodorus.

259 2904 476 2944 Sententia
504 2904 605 2944 haec
635 2908 723 2943 est:
760 2903 990 2943 Honestius
1012 2908 1076 2942 est
1105 2908 1144 2942 et
1175 2902 1347 2955 aequius
1375 2917 1446 2942 vos
1471 2902 1618 2955 jubere
1645 2905 1772 2954 atque
