1935 3200
325 120 436 159 1228
677 120 1000 161 ADVERSUS
1033 119 1413 162 STEPHANUM
1447 122 1482 162 Ι.

324 226 443 274 riam,
467 225 594 266 etiam
615 226 813 278 officinam
833 231 1029 266 scutorum
1049 226 1234 267 habebat
1247 235 1278 266 g.
1342 227 1467 267 Pasio
1488 227 1568 277 hic,
1590 228 1695 268 bene
1714 229 1835 268 meri-

324 286 463 322 torum
504 281 545 320 in
586 282 881 335 rempublicam
921 296 1079 328 caussa,
1112 282 1199 336 ipse
1236 297 1331 322 011111
1370 283 1547 337 posteris
1588 284 1835 338 populiscito

323 338 493 377 civitate
515 338 694 377 donatus
716 343 780 377 est
795 338 829 377 h.
890 338 925 377 E
948 338 1214 378 matrimonio
1237 353 1331 378 eum
1352 340 1559 394 Archippe
1580 340 1683 380 duos
1710 340 1836 381 habe-

323 394 398 433 bat
437 393 555 441 111100,
590 394 769 434 11110111111
808 399 911 434 natu
951 395 1153 447 majorem
1192 395 1491 446 Apollodomm,
1527 396 1578 436 de
1611 411 1691 459 qno
1727 411 1835 436 nunc

323 449 497 503 agimus,
516 426 693 490 aiterum
714 450 849 489 minor
851 464 915 490 em
932 450 1168 491 Pctszclmw.
1224 451 1440 491 Utebatur
1459 466 1583 505 porro
1605 451 1836 492 ministerio

321 506 580 545 Phormzoms
615 506 768 555 servik,
801 521 922 560 quem
952 507 1148 547 libertate
1182 507 1425 555 donaverat,
1458 508 1530 547 sed
1562 508 1643 561 qui,
1676 508 1836 548 decimo

323 562 488 601 demum
523 567 619 615 post
652 562 844 602 Pasionis
877 562 1039 603 obitum
1073 577 1194 612 anno,
1228 563 1298 616 jus
1340 563 1519 604 civitatis
1559 564 1736 618 adeptus
1772 569 1836 605 est

323 618 542 658 Archonte
568 619 605 657 N
613 618 797 659 icodemo
820 619 981 673 Olymp.
1005 632 1091 668 104,
1114 619 1175 670 4¹.
1236 621 1383 673 Atque
1414 620 1479 659 hic
1512 620 1710 660 Phormio
1741 634 1835 661 ean-

323 674 416 713 dem
440 674 609 714 Pasioni
632 689 803 728 operam
833 676 1082 728 praestabat
1104 690 1227 728 quam
1248 675 1334 729 ipse
1359 676 1483 716 Pasio
1503 680 1629 716 antea
1658 676 1837 730 praesti-

323 734 436 770 terat
467 730 567 770 hero
598 746 671 770 suo
694 731 987 779 Arolaestrato,
1009 732 1063 771 ad
1083 746 1268 772 mensam
1294 732 1440 772 sedens
1467 747 1639 785 eamque
1660 732 1835 772 admini-

324 791 463 826 strans
478 795 525 826 m,
587 787 705 827 Vivis
727 788 904 828 excessit
926 788 1050 828 Pasio
1072 788 1289 828 Archonte
1311 788 1538 842 Dysniceto
1562 788 1723 842 Olymp.
1743 801 1834 838 102,

323 855 346 893 33
365 852 401 891 ¹¹,
429 843 653 896 superstite
675 844 889 898 Archippe
920 849 962 884 et
993 849 1170 897 utroque
1201 844 1297 892 filio,
1330 845 1500 893 tradita,
1532 849 1580 884 ut
1610 846 1833 894 ferebatur,

326 898 568 938 Phormioni
599 915 766 940 mensae
796 900 1061 955 argentariae
1088 905 1132 940 et
1153 900 1339 940 officinae
1369 901 1744 949 administratione,
1767 915 1838 954 pe-

325 955 467 995 culiari
491 955 707 996 locationis
729 961 949 996 contractu
981 957 1023 996 in
1052 961 1149 997 octo
1173 971 1304 997 annos
1330 956 1515 1003 initae0;
1550 957 1763 1010 eidemque
1784 971 1836 997 ex

324 1015 579 1052 testamento
600 1013 741 1065 legata
762 1027 891 1052 uxore
914 1013 1126 1067 Archippe
1155 1028 1247 1052 011111
1275 1013 1412 1066 ampla
1434 1014 1544 1063 dote,
1566 1027 1682 1053 more
1703 1013 1837 1053 Athe-

325 1067 536 1108 niensibus
558 1069 669 1108 haud
696 1069 872 1117 insolito,
897 1070 1012 1122 cujus
1040 1069 1159 1123 plura
1186 1069 1374 1122 exempla
1394 1069 1683 1116 afferuntur1³3
1718 1069 1837 1123 eique

323 1123 425 1163 item
450 1124 491 1163 in
513 1125 646 1164 tutela
674 1125 745 1164 filii
773 1125 942 1164 minoris
970 1125 1171 1178 adjuncto
1195 1125 1406 1165 Nicocleq.
1471 1125 1680 1165 Defuncto
1707 1125 1836 1179 igitur

324 1179 740 1228 Ρ11010110,Ρ110111110
770 1181 943 1221 libertus
975 1182 1062 1234 ejus
1093 1195 1266 1221 uxorem
1292 1181 1537 1235 Archippen
1569 1181 1696 1229 ducit,
1725 1182 1835 1235 lega-

322 1240 413 1275 tum
443 1237 545 1284 adit,
578 1242 620 1276 et
650 1238 826 1277 tutelam
856 1237 1005 1289 ffel-its,
1038 1238 1212 1277 absente
1242 1238 1398 1290 majole
1430 1243 1531 1277 natu
1562 1238 1645 1277 filio
1666 1237 1835 1291 Apollo-

322 1292 438 1338 doro,
471 1293 761 1333 trierarchiam
793 1280 955 1347 1111111100
986 1299 1085 1333 tunc
1116 1294 1314 1347 temporis
1346 1295 1566 1334 obeuntes.
1627 1293 1834 1334 Reversus

326 1349 519 1388 Athenas
543 1350 835 1402 Apollodorus,
859 1364 982 1403 aegre
1003 1350 1138 1389 terens
1169 1350 1316 1390 matris
1337 1364 1430 1389 cum
1453 1349 1705 1390 Phormione
1733 1365 1835 1404 nup-

323 1404 403 1444 tias
437 1405 523 1444 sine
557 1406 639 1446 ulla
667 1421 742 1446 sua
769 1406 1024 1446 auctoritate
1055 1406 1180 1446 initas
1205 1407 1316 1458 (ἀνευ
1345 1408 1519 1470 Kvplsov).;
1553 1420 1675 1459 aegre
1700 1406 1836 1446 ferens

323 1460 475 1500 etiamt
505 1463 615 1515 qnod
648 1477 800 1516 magna
830 1463 1033 1502 bonorum
1064 1468 1334 1515 paternorum
1365 1477 1463 1516 pars
1495 1462 1537 1501 in
1570 1462 1836 1502 Phormionis

322 1522 578 1569 potestatem
605 1520 844 1567 transierat,
868 1533 994 1571 quum
1020 1518 1196 1558 sublatis
1225 1518 1319 1558 belli
1347 1523 1535 1572 tempore
1561 1518 1726 1572 judiciis
1755 1519 1836 1572 pri-

322 1573 451 1612 vatim
472 1575 670 1615 adversus
693 1590 786 1615 eum
807 1589 929 1629 agere
955 1577 1080 1627 (ὃίκην
1103 1576 1204 1614 ἰδίαυ
1225 1576 1386 1627 λαχεῖυ)
1410 1589 1493 1614 11011
1518 1580 1686 1628 posset;
1720 1574 1835 1615 insti-

322 1629 405 1669 tuit
433 1630 474 1669 in
502 1645 594 1670 eum
621 1631 809 1671 stelionem
835 1631 1094 1671 contumeliae
1123 1631 1342 1684 publicam,
1366 1632 1522 1682 γραφὴν
1543 1633 1707 1681 ὕβρεως,
1729 1645 1836 1684 quae

322 1689 463 1725 tamen
493 1686 777 1727 intercedente
808 1692 994 1740 tempore
1025 1686 1149 1735 elusa,
1180 1691 1315 1727 matre
1347 1685 1513 1727 interim
1539 1701 1560 1727 e
1583 1687 1835 1727 Phormione

323 1840 378 1864 tuo
401 1835 464 1864 dati
489 1835 624 1874 amplius
648 1837 879 1875 quinquaqinta
903 1835 1043 1865 talenta:

323 1877 383 1906 vid.
406 1877 569 1908 Demosth.
588 1878 701 1908 ibidem
727 1889 756 1916 p.
774 1886 845 1917 945.
865 1884 896 1908 et
917 1879 955 1908 cf.
973 1879 1043 1907 adv.

324 1919 482 1959 Polyelem
506 1930 536 1959 p.
558 1921 646 1950 1208.
695 1922 862 1950 Caeterum
890 1921 1045 1950 mittimus

323 1963 546 1999 quaestionem,
565 1963 689 1992 idemne
712 1974 752 1992 an
777 1963 856 1993 alius
877 1963 972 1993 fuerit
996 1962 1046 1992 hic

324 2004 434 2041 Pas-io,
452 2012 546 2043 atque
570 2005 620 2035 ille
640 2013 749 2035 contra
768 2016 859 2044 quem
883 2006 989 2044 agitur
1013 2006 1045 2034 in

325 2046 470 2076 Isocratis
496 2048 701 2086 Trapezitico.
752 2049 800 2077 Ita
826 2054 908 2078 certe
935 2048 1047 2077 statuit

325 2088 413 2118 Hier.
428 2089 574 2125 wolfius,
592 2091 644 2128 qui
669 2090 702 2119 in
725 2091 931 2120 annotatione
951 2091 990 2119 ad
1012 2090 1047 2118 il-

324 2130 386 2159 lam
407 2131 550 2161 Isocratis
568 2132 657 2162 Orat.
674 2143 702 2170 p.
722 2140 777 2170 722
792 2145 798 2162 :
825 2135 844 2149 ‘⁶
860 2133 981 2167 Oratio,
999 2132 1047 2161 in-

325 2173 402 2211 quit,
416 2174 604 2212 argentaria,
617 2175 731 2213 scripta
746 2182 854 2204 contra
867 2176 1045 2211 Pasionem,

322 2216 458 2245 nobilem
472 2217 637 2254 quemdam
655 2217 871 2246 numularium
889 2217 1046 2251 Atlienis3

323 2259 413 2295 cnjus
437 2258 519 2287 filius
536 2259 750 2296 Apollodorus,
768 2269 823 2297 pro
839 2270 900 2297 quo
920 2264 1046 2288 exstant

326 2300 547 2330 Demosthenis
564 2302 751 2329 orationes.”

368 2347 387 2370 g
404 2342 474 2371 Vid.
492 2353 557 2381 arg.
576 2342 666 2372 Orat.
685 2343 848 2372 Demosth.
866 2353 920 2381 pro
944 2342 1044 2371 Phor-

325 2384 430 2414 mione
446 2395 472 2423 p.
493 2394 566 2424 943.
583 2391 613 2414 et
636 2384 777 2422 pluribus
799 2385 856 2414 11110
872 2386 910 2414 de
927 2395 958 2414 re
974 2395 1046 2413 con-

325 2433 387 2456 stat
403 2437 441 2456 ex
457 2427 650 2456 orationibus
668 2427 749 2465 ipsis.

369 2468 387 2490 ¹¹
409 2469 497 2499 Orat.
517 2470 550 2498 in
570 2469 723 2499 Neaeram
741 2480 768 2507 p.
785 2476 875 2506 1345.
892 2477 937 2504 14.
952 2470 1046 2507 ψηφι-

327 2511 460 2547 σαμένου
480 2511 540 2550 ’γὰρ
559 2512 615 2540 τοῦ
638 2510 733 2547 δήμου
749 2512 804 2541 τοῦ
815 2510 983 2546 Ἀθηναίων
994 2512 1045 2540 ’A-

326 2555 449 2589 θηναῖον
466 2553 540 2583 εἶναι
562 2553 714 2590 Πασίωνα,
733 2553 782 2583 καὶ
807 2553 951 2590 ἐκγόνους
975 2553 1046 2583 τοὺς

327 2595 453 2631 ἐκείνου,
480 2596 527 2625 διὰ
553 2596 608 2626 τὰς
637 2596 813 2634 εὐεργεσίας
836 2595 892 2625 τὰς
920 2594 960 2625 εἷς
987 2595 1047 2630 τὴν

325 2639 417 2668 πόλιν
441 2650 468 2668 κ.
490 2650 519 2668 τ.
544 2644 575 2668 λ.
624 2639 707 2668 Hine
736 2638 943 2677 Apollodorus
973 2638 1046 2667 dicit

325 2683 409 2719 apud
428 2681 655 2711 Demosth.11.
674 2681 706 2709 in
721 2681 827 2720 Steph.
845 2691 874 2719 p.
893 2689 982 2717 1133,
1000 2689 1045 2717 19.

326 2724 342 2752 ὁ
365 2723 469 2753 τοίνυν
491 2722 592 2762 πατὴρ
615 2723 699 2760 ἡμῶν
723 2721 888 2757 ἐπεποίητο
913 2722 968 2751 ὑπὸ
991 2723 1047 2751 τοῦ

325 2764 420 2802 δήμου
444 2765 582 2801 πολίτης.
613 2773 644 2795 et
667 2772 745 2795 orat.
770 2766 803 2794 in
832 2765 1046 2795 Nicostratum

326 2819 355 2846 p.
374 2816 462 2846 1252,
482 2818 531 2837 20.
556 2808 616 2845 ἐγὼ
641 2807 799 2837 Πασίωνος
827 2808 868 2837 ὢν
891 2807 940 2836 καὶ
969 2805 1047 2835 κατὰ

325 2850 469 2888 ψήφισμα
492 2849 633 2886 πολίτης.
679 2850 731 2879 Ad
750 2849 890 2879 Pasionis
914 2849 947 2877 in
970 2849 1047 2878 civi-

326 2898 422 2922 tatem
453 2892 601 2922 beneficia
638 2898 761 2931 praeter
791 2892 851 2922 alia
888 2891 1046 2931 pertinent

1112 1835 1250 1874 quinque
1274 1835 1343 1865 illae
1366 1835 1567 1865 trierarehiae
1584 1835 1616 1864 in
1634 1835 1725 1865 Orat.
1740 1835 1835 1866 II.i11

1113 1878 1309 1916 Stephanum
1327 1888 1357 1916 p.
1373 1886 1450 1916 1127
1465 1884 1735 1908 commemoratae.

1155 1919 1252 1949 ivid.
1273 1921 1352 1959 Arg.
1376 1927 1454 1950 orat.
1479 1930 1535 1959 pro
1560 1920 1690 1950 Phorm.
1714 1927 1746 1951 et
1768 1920 1835 1960 ipsa

1113 1963 1224 1992 oratio.

1156 2006 1174 2029 k
1203 2005 1368 2035 Demosth.
1400 2015 1456 2044 pro
1484 2005 1613 2035 Phorm.
1640 2015 1668 2044 p.
1699 2013 1772 2046 953.
1800 2005 1835 2035 in

1114 2047 1222 2086 steph.
1243 2048 1268 2076 1.
1288 2056 1425 2086 p-1123,
1446 2057 1494 2084 23.

1156 2088 1165 2110 l
1189 2090 1352 2119 Demosth.
1379 2090 1412 2119 in
1437 2089 1543 2129 Steph.
1563 2089 1610 2119 II.
1628 2100 1657 2128 p.
1680 2099 1772 2128 ¹132,
1795 2089 1835 2120 26

1114 2143 1139 2161 0(
1172 2155 1178 2161 .

1139 2143 1185 2197 Isiu
1212 2174 1375 2203 Demosth.
1402 2174 1434 2203 in
1460 2173 1567 2212 steph.
1593 2174 1619 2203 1.
1645 2184 1675 2212 p.
1696 2183 1772 2203 1¹11
1801 2174 1834 2203 in

1114 2216 1187 2252 fine,
1213 2216 1265 2244 ubi
1292 2226 1363 2245 eum
1382 2222 1472 2245 vocat
1497 2215 1667 2253 καθήμενον
1691 2216 1740 2246 καὶ
1765 2218 1835 2246 διοι-

1114 2259 1228 2287 κοῦντα
1246 2258 1292 2287 ἐπὶ
1309 2260 1350 2296 ’τῇ
1365 2257 1509 2297 τραπέζῃ.

1158 2307 1175 2324 ιι
1204 2301 1364 2330 Demosth.
1384 2301 1415 2329 in
1433 2300 1540 2339 Steph.
1560 2301 1604 2330 II.
1623 2311 1652 2339 p.
1673 2310 1763 2339 1132,
1781 2308 1832 2340 25.

1115 2342 1162 2372 Cf.
1183 2342 1314 2371 Meursii
1335 2342 1498 2372 Lectiones
1515 2343 1640 2373 Atticae
1654 2352 1684 2380 3,
1702 2351 1753 2382 25.

1155 2389 1172 2406 0
1197 2385 1358 2414 Demosth.
1378 2395 1434 2423 pro
1452 2385 1579 2415 Phorm.
1598 2396 1628 2424 p.
1646 2385 1719 2425 956,
1737 2393 1766 2424 5.

1156 2434 1173 2456 P
1198 2426 1363 2456 Demosth.
1380 2427 1494 2456 ibidem
1511 2438 1541 2466 p.
1558 2437 1619 2467 953
1637 2438 1681 2466 sq.

1156 2474 1173 2496 ‘i
1198 2469 1360 2499 Demosth.
1376 2469 1491 2499 ibidem
1507 2481 1537 2509 p.
1550 2469 1621 2510 946.
1635 2477 1665 2500 et
1678 2470 1711 2499 in
1725 2470 1833 2509 Steph.

1114 2511 1141 2540 Ι.
1159 2521 1189 2549 p.
1208 2519 1283 2540 ¹112
1302 2512 1333 2540 in
1352 2512 1424 2541 fine.

1156 2560 1170 2577 r
1195 2554 1358 2583 Demosth.
1377 2564 1432 2592 pro
1449 2554 1577 2584 Phorm.
1594 2565 1624 2593 p.
1639 2562 1699 2593 945
1716 2565 1759 2594 sq.

1157 2600 1170 2617 S
1195 2596 1358 2626 Demosth.
1376 2597 1408 2625 in
1427 2597 1532 2636 Steph.
1554 2597 1579 2626 I.
1597 2607 1626 2636 p.
1645 2606 1734 2627 1102.

1155 2638 1167 2659 t
1193 2639 1265 2667 Huc
1286 2644 1410 2676 praeter
1430 2639 1490 2668 alia
1514 2639 1648 2678 pertinet
1666 2638 1750 2669 locus
1768 2639 1832 2669 De-

1113 2680 1228 2710 mosth.
1245 2681 1315 2710 adr.
1334 2681 1550 2710 Nicostratum
1573 2691 1604 2720 p.
1621 2690 1710 2721 1249,
1731 2688 1758 2720 7.
1778 2682 1833 2711 ubi

1113 2722 1188 2752 dicit
1219 2722 1445 2761 Apollodorus:
1479 2724 1534 2753 οὐκ
1565 2723 1711 2762 εὐπόρουν
1740 2723 1832 2763 ἀργυ-

1112 2763 1187 2803 ρίου,
1211 2764 1259 2794 διὰ
1281 2765 1317 2794 τὸ
1341 2764 1489 2804 διαφόρως
1513 2764 1600 2803 ἔχειν
1618 2767 1662 2804 τῷ
1684 2764 1833 2804 Φορμίωνι

1113 2807 1162 2836 καὶ
1188 2806 1423 2846 ἀποστερεῖσθαι
1449 2808 1496 2836 ὑπ’
1513 2808 1608 2838 αὐτοῦ
1631 2807 1691 2844 τὴν
1714 2806 1831 2846 οὐσίαν,

1113 2849 1150 2884 ἥν
1165 2861 1215 2886 μοι
1232 2851 1247 2879 0‘
1264 2849 1364 2889 πατὴρ
1381 2848 1540 2880 κατέλιπε.
