1956 3236
451 137 771 179 ADVERSUS
811 137 1283 178 PANTAENETUM.
1519 136 1618 176 1141

171 255 264 296 973,
289 255 349 295 15.
381 243 634 299 ὑπογράψας]
661 245 760 284 Oeam
776 245 896 297 prius
915 244 1146 297 scripsisset.
1181 240 1431 282 SGHAEF.

171 309 265 352 973,
297 301 356 339 16.
390 300 439 354 τῷ
463 300 588 354 παιδὶ]
611 303 662 354 τῷ
684 300 825 355 οἰκέτῃ.
879 299 932 339 V.
957 299 1204 339 Ammonius
1239 313 1277 351 p.
1299 311 1309 336 l
1328 310 1338 336 1
1358 311 1401 345 1.,
1426 297 1494 350 qui
1518 296 1624 337 hanc

113 354 344 395 orationem
376 355 492 396 citat.
542 357 737 397 Ceterum
760 371 809 396 ne
831 358 939 396 forte
961 356 1079 396 malis
1111 357 1161 408 τῷ
1185 355 1260 408 ἐμῷ
1289 355 1408 399 παιδὶ,
1433 358 1478 393 ut
1500 367 1627 406 supra

113 425 145 450 v.
171 424 210 464 3.
233 410 388 465 legitur
408 413 476 452 τὸν
499 414 636 452 ἑαυτοῦ
657 413 821 463 οἰκέτην,
845 413 949 452 conf.
973 427 1011 466 p.
1036 414 1130 465 960,
1163 424 1193 450 1.
1241 410 1502 463 Omninoque
1524 409 1626 450 talia

112 468 357 520 pronomina
377 468 630 509 omittuntur
649 468 996 522 frequentissime.
1031 466 1278 508 SCHAEF.

170 534 264 578 973,
290 537 354 565 20.
386 526 574 575 ἀτιμῶσαι
606 524 885 579 καὶ-πρᾶξαι]
921 525 990 564 Ad
1013 525 1088 564 hos
1120 522 1346 563 infinitivos
1378 521 1627 562 subauditur

112 579 239 619 αὐτόν.
275 579 466 620 REISK.

169 647 265 689 973,
289 649 355 677 21.
380 637 637 690 ἃ-ποιῆσαι]
672 636 838 677 Scilicet
861 639 1115 688 ἀφαιρεῖσθαι
1137 636 1179 674 τὸ
1200 637 1249 688 τῷ
1273 636 1443 687 δημοσίῳ
1466 635 1626 685 ὀφειλό-

110 708 242 742 μενον.
275 692 526 733 SCHAEF.

169 758 267 802 973,
291 761 355 791 22.
378 750 417 789 τί
441 750 510 789 οὖν
533 750 616 789 ἐστὶ
638 752 748 789 τοῦτο
764 749 796 802 ;]
836 748 946 799 Quid
967 749 1045 789 hoc
1067 748 1211 800 itaque
1233 747 1311 786 sibi
1333 746 1419 786 vult
1440 745 1628 786 facinus?

113 804 222 855 Quid
244 819 291 845 eo
314 805 558 859 quaeritur}
589 805 696 856 Quid
719 805 994 857 designatur?
1028 803 1222 843 REISK.

168 870 263 914 974,
291 863 354 901 16.
390 863 444 904 εἰς
473 861 541 901 τὸν
567 862 809 914 κεγχρεῶνα]
846 861 1020 901 Suidas:
1057 862 1109 902 εἷς
1130 860 1172 899 τὸ
1197 859 1507 909 καθαριστήριον,
1531 859 1627 897 ὅπου

110 917 180 966 τὴν
212 919 252 958 ἐκ
284 920 359 957 τῶν
385 918 594 968 μετάλλων
622 918 814 970 διέψυχον
847 918 1028 970 κέγχρον.
1091 916 1183 969 Ego
1205 914 1394 968 suspicor
1415 928 1504 953 esse
1535 928 1628 967 pro-

111 972 247 1026 prium
266 974 344 1013 loci
367 988 516 1014 nomen
538 988 610 1014 seu
631 974 734 1028 asyli
761 987 986 1021 servorum,
1010 978 1057 1013 ut
1079 972 1157 1012 fuit
1178 973 1221 1012 τὸ
1245 971 1473 1018 καθέζεσθαι
1502 971 1564 1010 ἐπὶ
1585 970 1628 1009 τὸ

110 1033 223 1081 χῶμα
243 1029 403 1084 asylum
423 1030 750 1070 trierarcharum
768 1047 776 1070 z
810 1029 888 1069 nisi
909 1030 1020 1070 forto
1041 1029 1119 1068 hoc
1137 1028 1263 1076 dicat,
1285 1031 1483 1067 avocatos
1504 1026 1630 1066 fuisse

111 1099 251 1126 servos
272 1100 298 1126 a
318 1086 520 1127 mandato
542 1101 665 1140 opere
697 1092 739 1127 et
770 1087 824 1126 ad
855 1086 967 1126 aliud
999 1085 1233 1126 traductos.
1263 1083 1453 1123 WOLF.
1514 1082 1629 1123 Citat

110 1142 221 1182 hune
247 1142 384 1182 locum
407 1142 722 1196 Harpocration
744 1158 780 1182 v.
807 1144 1029 1195 Κεγχρεών.
1063 1140 1257 1181 REISK.
1321 1140 1428 1179 Item
1452 1138 1629 1179 Photius

110 1213 150 1251 p.
172 1208 264 1251 152,
293 1212 326 1239 1.
382 1198 435 1237 V.
468 1199 627 1239 Anecd.
651 1198 782 1239 Bekk.
806 1214 844 1252 p.
862 1212 954 1249 271,
980 1211 1045 1251 23.
1109 1197 1173 1237 De
1201 1196 1315 1250 asylo
1338 1210 1435 1236 cave
1456 1195 1627 1249 cogites.

112 1254 306 1308 Apparet
326 1254 435 1294 enim
458 1269 669 1296 servorum
691 1255 772 1295 illie
794 1254 1027 1295 sedentium
1049 1267 1218 1307 operam
1241 1257 1450 1292 versatam
1470 1265 1560 1291 esso
1587 1251 1629 1290 in

111 1311 328 1365 purgando
350 1311 532 1351 metallo.
568 1310 816 1352 SCHAEF.

169 1376 263 1420 974,
284 1380 345 1420 19.
379 1368 420 1407 ἐκ
441 1368 618 1418 τοῦ-μὴ
640 1367 809 1420 ἐθέλειν]
837 1368 904 1407 Em
926 1382 981 1414 ce,
1004 1366 1109 1420 quod
1128 1365 1299 1405 incitari
1321 1365 1627 1410 I'ccntaenetzcm,

111 1429 155 1462 ‘ut
179 1437 305 1462 servos
336 1423 422 1463 illos
448 1424 506 1463 ad
523 1424 785 1477 quaestionem
808 1438 885 1476 per
907 1429 1096 1462 tormenta
1121 1421 1305 1466 (raderet,
1328 1419 1395 1460 sed
1418 1419 1484 1460 ville
1505 1419 1630 1459 noluit

112 1478 270 1518 tradere
302 1478 496 1519 REISK.

168 1538 235 1574 τοῦ
256 1534 560 1589 προκαλεῖσθαι]
587 1535 713 1576 Malis
735 1539 802 1575 τοῦ
825 1537 890 1584 ἐμὲ
914 1537 1210 1584 προκαλεῖσθαι.
1245 1532 1497 1586 SCHAEF.

171 1601 266 1643 974,
306 1604 371 1632 21.
426 1592 600 1644 ἔπειθον]
657 1591 824 1631 Scilicet
875 1590 1104 1638 καθέζεσθαι
1156 1591 1210 1631 εἰς
1265 1589 1334 1628 τὸν
1391 1590 1628 1639 κεγχρεῶνα.

114 1646 312 1687 REISK.

171 1714 266 1756 974,
292 1716 354 1755 23.
389 1704 548 1753 εἱλόμην
581 1704 832 1757 κομίσασθαι]
862 1702 1048 1742 Subaudi
1080 1717 1101 1742 0
1143 1701 1332 1754 proximo
1365 1703 1412 1739 τὰ
1452 1701 1630 1748 ἐμαυτοῦ.

113 1773 347 1812 recuperare
367 1772 512 1807 numos,
534 1773 628 1812 quos
652 1760 900 1799 Pantaeneto
921 1758 1187 1798 credidissem.
1221 1755 1414 1796 REISK.

170 1814 263 1865 λέγε
305 1816 347 1855 δὲ
379 1815 449 1863 τὴν
484 1817 701 1865 πρόκλησιν
737 1816 854 1866 ὅμως]
902 1814 1079 1854 Dixerat
1119 1813 1256 1866 paullo
1292 1817 1403 1858 ante,
1441 1815 1631 1851 constare

113 1885 165 1910 ex
198 1870 388 1910 omnibus
419 1884 589 1911 caussae
620 1871 841 1923 adjunctis,
867 1871 1176 1910 Pantaenetum
1208 1867 1386 1913 mentiri,
1411 1881 1543 1919 eoque
1575 1866 1632 1905 nil

113 1941 217 1980 opus
238 1941 328 1966 esse
350 1932 396 1966 ut
417 1926 594 1966 formula
616 1926 922 1980 provocationis
944 1926 994 1965 de
1017 1925 1144 1964 servis
1169 1923 1385 1964 tradendis
1418 1922 1630 1962 recitetur.

114 1986 173 2022 At
211 1982 470 2022 m‘hz'lomiuus
508 1989 640 2022 tamen
680 1989 733 2030 ize,
778 1982 852 2030 ait,
893 1981 1037 2029 scriba,
1081 1981 1202 2020 recita
1246 1981 1357 2019 islam
1389 1977 1631 2031 formulam.

116 2037 311 2077 REISK.
368 2039 468 2087 ὅμως
489 2038 750 2078 referendum
781 2038 835 2078 ad
861 2053 910 2077 ea
934 2051 1040 2090 quae
1068 2036 1255 2090 proxime
1277 2035 1546 2082 antecedunt,
1572 2035 1632 2073 καὶ

115 2097 234 2133 ταῦτα
253 2095 547 2144 μεμαρτύρηται.
583 2094 839 2134 SCHAEF.

173 2160 269 2203 974,
294 2163 359 2203 29.
390 2150 460 2199 τὴν
490 2150 704 2203 ἀργυρῖτιν]
737 2150 852 2190 Citat
884 2150 922 2189 h.
945 2150 970 2189 l.
995 2147 1310 2202 Harpocration
1343 2162 1377 2186 v.
1401 2145 1630 2197 Ἀργυρῖτις.

117 2205 331 2246 Videntur
352 2205 555 2246 dictiones
585 2206 815 2257 ἐργάζεσθαι
837 2207 1035 2257 ἀργυρῖτιν
1058 2208 1151 2257 (aut
1175 2204 1371 2255 ἀργύριον,
1393 2208 1468 2242 aut
1489 2202 1631 2251 μέταλ-

115 2267 201 2309 λον,
224 2261 393 2311 similia)
410 2266 453 2301 et
476 2262 781 2313 κατεργάζεσθαι
802 2261 987 2301 nonnihil
1010 2262 1119 2301 inter
1136 2275 1179 2300 se
1201 2259 1380 2307 differre,
1395 2258 1451 2297 sic
1470 2271 1631 2311 nempe,

117 2321 164 2356 ut
186 2317 358 2371 simplex
401 2318 632 2368 ἐργάζεσθαι
675 2317 729 2358 sit
778 2318 942 2372 glebam
993 2321 1239 2371 argenteam
1280 2315 1341 2354 vel
1381 2313 1632 2354 metallicam

117 2387 323 2426 quamque
350 2388 372 2412 e
400 2378 540 2413 terrae
571 2373 794 2413 visceribus
827 2388 981 2421 eruere,
1013 2388 1039 2414 a
1071 2372 1262 2412 sordibus
1290 2370 1561 2411 terrestribus
1590 2375 1631 2409 et

118 2428 254 2467 saxeis
283 2443 474 2483 purgare,
498 2429 540 2468 in
566 2429 729 2470 minuta
758 2429 965 2484 fragmina
997 2429 1265 2475 contundere,
1288 2427 1482 2473 conflare,
1505 2425 1631 2465 verbo

117 2484 298 2523 crassius
319 2484 546 2534 elaborare,
566 2485 867 2537 κατεργάζεσθαι
884 2490 1025 2525 autem
1046 2485 1217 2539 liquare,
1237 2482 1474 2537 diligentius
1491 2495 1633 2534 repur-

116 2554 217 2592 gare
234 2546 275 2579 et
292 2545 523 2580 extremam
544 2555 713 2580 manum
735 2541 946 2595 imponere
969 2555 1144 2594 eumque
1161 2540 1215 2580 ad
1237 2539 1371 2578 locum
1393 2537 1631 2592 perducere,

117 2599 165 2635 ut
185 2595 399 2635 aurifabro
420 2597 593 2650 aliisque
615 2597 845 2637 artificibus
867 2598 919 2636 ad
943 2597 1076 2651 signa,
1092 2610 1191 2636 vasa
1211 2594 1466 2635 conficienda-
1482 2598 1555 2633 aut
1577 2593 1633 2632 ad

117 2665 263 2690 numos
285 2652 493 2692 cudendos
515 2653 625 2692 tradi
645 2653 788 2706 possit.
824 2653 1020 2693 REiSK.

177 2718 273 2760 975,
301 2721 313 2746 1
333 2721 360 2746 i.
395 2710 456 2748 καὶ
478 2709 579 2747 ἄλλο
602 2710 727 2760 οὐδέν]
750 2709 915 2749 Scilicet
949 2709 1187 2758 ἐποιήσαμεν
1210 2708 1307 2746 τότε.
1372 2705 1632 2744 Locabamus

118 2762 194 2802 tibi
222 2763 426 2804 officinam
457 2764 719 2813 metallicam,
743 2780 849 2818 quae
881 2770 1026 2805 nostra
1057 2768 1162 2810 erat,
1187 2764 1437 2806 (emeramus
1469 2759 1577 2798 enim
1608 2774 1633 2798 a

121 2819 353 2869 Mnesiele)
378 2834 425 2858 eo
456 2825 595 2873 pactu),
618 2825 665 2860 ut
691 2827 738 2861 tu
770 2821 888 2861 nobis
918 2821 1034 2861 loear
1056 2820 1189 2867 dares,
1214 2817 1323 2871 quod
1354 2831 1429 2856 nos
1459 2820 1500 2854 et
1520 2815 1632 2867 leges

117 2874 255 2914 ferunt
275 2891 281 2913 :
315 2875 427 2915 aliud
448 2875 550 2915 nihil
572 2880 709 2916 tecum
730 2877 1106 2931 depeciscebamur.
1139 2873 1333 2914 REISK.
1396 2870 1631 2923 Simplicius

119 2930 344 2971 subaudias
379 2933 520 2972 ἔνεστι.
583 2932 650 2972 Sic
682 2938 824 2973 autem
859 2933 1037 2972 seribere
1070 2930 1262 2970 Reiskius
1300 2927 1469 2967 debuit:
1503 2930 1549 2966 ut
1585 2932 1632 2966 tu

861 3004 887 3026 H
