1935 3200
279 130 391 172 1304
633 126 955 169 ADVERSUS
987 126 1433 168 NIOOSTRATUM.

278 233 488 297 peregisse
512 237 554 273 et
576 232 759 273 effecisse
785 237 845 281 ut,
869 248 995 286 quum
1018 233 1166 287 capitis
1188 232 1426 273 damnaturi
1451 237 1588 272 essent
1614 232 1787 286 judices,

278 289 561 344 pecuniariam
591 289 791 329 mulctam
817 289 1052 343 infligerent
1073 294 1115 329 et
1137 288 1358 342 sponsione
1387 289 1499 329 facta
1529 302 1622 327 eum
1650 288 1787 328 dimit-

279 350 431 386 terent.
493 346 585 396 Qua
604 345 789 385 nondum
814 345 951 385 soluta
972 345 1247 385 Alethusium
1277 344 1485 384 aerarium
1509 358 1598 384 esse
1628 344 1789 384 factum

280 403 448 456 ejusque
470 415 623 450 servos,
647 415 750 454 quos
772 401 1039 441 Nicostratus
1060 406 1108 441 ut
1129 415 1225 440 suos
1241 400 1319 440 sibi
1339 400 1579 447 vindicaret,
1600 399 1788 453 publicos

281 458 555 497 esse—Eum
587 462 740 505 autem,
778 456 847 510 qui
887 472 930 496 se
960 456 1106 511 viginti
1148 461 1308 511 septem
1342 470 1473 496 annos
1512 461 1658 495 natum
1689 456 1789 495 ado-

280 514 504 554 lescentem
537 514 645 565 (νέος
674 514 747 565 ὤν)
775 517 997 566 nuncupet,
1030 517 1171 553 aetate
1196 527 1285 552 esse
1311 511 1613 583 provectiorem
1641 515 1790 564 sponte

281 574 470 624 apparet,
499 574 542 609 et
574 583 625 609 ex
658 582 843 623 p.1249.
879 572 940 608 διὰ
971 569 1015 608 τὸ
1050 570 1279 620 διαφόρως
1312 569 1438 620 ἔχειν
1470 569 1527 621 τῷ
1556 568 1790 617 Φορμίωνι

282 628 355 665 Καὶ
386 627 755 676 ἀπΟσΤΕρΕισθαι
782 624 843 664 ὑπ’
867 625 984 664 αὐΤΟῦ
1004 641 1073 674 TUI)
1095 625 1233 664 Οὐσίαν
1253 625 1301 673 ἠῢ
1321 640 1385 674 μοι
1406 641 1425 663 O
1447 640 1570 674 ’ΠαΤηρ
1593 623 1788 663 ΚαΤΕλιΤΓΕ.

281 681 527 734 intelligitm
547 681 860 734 Apollodor‚um
885 695 1011 734 quum
1039 681 1146 720 hanc
1170 694 1362 719 caussam
1382 684 1534 727 oraret
1557 678 1790 718 simultates

281 751 375 777 cum
407 737 660 777 Phormione
685 737 930 785 exercuisse,
952 736 1076 776 immo
1111 736 1225 776 litem
1262 734 1504 775 Phormioni
1535 734 1788 774 intendisse:

282 808 319 847 p.
350 803 468 846 1251.
509 795 758 843 ἐπιβουλεύει
789 810 854 843 μοι
885 795 982 843 μετὰ
1014 797 1089 832 τῶν
1126 793 1368 831 ἀντιδίκων
1402 792 1463 830 καὶ
1497 792 1628 830 πίστιν
1661 791 1791 832 αὐτοῖς

281 850 452 889 δίδωσιν·
486 848 600 888 ἔπειτ’
625 851 813 900 ἀγώνων
833 866 909 899 μοι
931 850 1278 898 συνεστηκότων
1309 847 1421 897 πρὸς
1449 847 1606 888 αὐτοὺς
1630 847 1719 887 τούς
1748 862 1792 885 τε

281 907 425 956 λόγους
439 905 594 956 ἐκφέρει
613 922 685 954 μου
701 906 808 946 εἰδώς
823 923 854 944 κ.
867 922 899 943 τ.
912 905 1067 944 ἑ.-καὶ
1084 902 1450 955 παρεσκευάζοντο,
1469 905 1502 942 εἰ
1516 903 1791 953 ἀνακρινοίμην

283 963 396 1000 κατὰ
426 965 512 1000 τῶν
533 962 715 1000 οἰκείων
742 965 831 1000 τῶν
860 961 1138 1000 ἀδικούντων
1163 977 1220 1009 με
1250 962 1327 1000 τὰς
1352 960 1480 1000 δίκας
1504 959 1554 1000 ἃς
1583 957 1791 1009 εἰλήχειν

283 1017 452 1065 αὐτοῖς,
477 1018 714 1056 ἐνδεικνύναι
734 1034 782 1066 με
814 1017 875 1055 καὶ
898 1015 1116 1066 ἐμβάλλειν
1145 1018 1197 1057 εἰς
1227 1015 1269 1054 τὸ
1299 1014 1572 1065 δεσμωτήριον.
1633 1013 1791 1064 Quodsi

280 1077 423 1112 autem
456 1086 602 1112 caussa
636 1071 906 1111 Phormionia
942 1077 1063 1111 orata
1095 1076 1158 1111 est
1192 1071 1353 1124 Olymp.
1381 1082 1472 1122 107,
1496 1083 1547 1123 3.,
1579 1069 1792 1109 biennium

281 1133 394 1168 certe
423 1127 701 1181 adjiciendum
731 1128 907 1174 videtur,
936 1142 1018 1180 quo
1046 1141 1216 1167 caussae
1248 1127 1301 1166 ab
1332 1126 1562 1166 Arethusio
1592 1125 1791 1165 adversus

282 1184 584 1237 Apollodorum
613 1199 653 1236 p.
675 1197 723 1225 12
728 1194 794 1237 51.
818 1188 860 1223 et
881 1184 933 1223 ab
956 1183 1214 1235 Apollodoro
1235 1182 1277 1221 in
1299 1181 1575 1222 Arethusium
1606 1196 1646 1234 p.
1668 1194 1717 1223 12
1721 1191 1790 1234 52.

281 1240 366 1279 sint
398 1244 530 1279 actae.
594 1239 719 1279 Unde
752 1239 966 1292 probabile
991 1239 1040 1278 fit
1076 1238 1263 1279 habitam
1294 1252 1383 1278 esse
1414 1237 1646 1277 orationem
1677 1241 1792 1290 post

283 1295 445 1349 Olymp.
467 1296 559 1344 108,
582 1295 643 1334 17⁵

760 1444 815 1483 In
835 1449 1108 1496 (armamentum
1128 1441 1309 1482 Libanai.

342 1538 462 1582 1245.
488 1541 523 1569 2.
553 1530 643 1579 γὰρ]
681 1527 922 1581 Legendum
949 1528 1029 1566 οὖν.
1082 1526 1282 1565 Debitum
1303 1525 1413 1564 onim
1433 1525 1583 1566 talenti
1612 1526 1792 1579 sequela,

280 1598 363 1624 non
391 1598 550 1631 caussa,
583 1588 675 1623 erat
698 1583 858 1637 judicii,
889 1598 970 1635 quo
1007 1583 1230 1622 damnatus
1260 1586 1323 1621 est
1346 1582 1598 1622 Arethusius
1626 1596 1792 1622 accusa-

281 1644 373 1680 tore
405 1640 675 1694 Apollodoro,
709 1640 750 1678 id
782 1639 893 1692 quod
925 1639 1046 1678 docet
1077 1642 1222 1677 orator
1250 1637 1337 1690 ipse
1372 1652 1411 1690 p.
1435 1649 1554 1690 1252.
1590 1638 1794 1689 ἐξελέγξας

282 1696 399 1735 αὐτὸν
430 1699 477 1736 τὰ
504 1699 630 1747 ψευδη
666 1696 944 1744 κεκλητευκότα
978 1711 1038 1733 και
1069 1696 1117 1733 τὰ
1149 1695 1266 1739 ἐιλλα,
1300 1694 1378 1732 ὅσα
1412 1696 1554 1744 εἴρηκα,
1588 1695 1793 1744 ἠδικηκότα

283 1753 403 1791 εἶλον.
446 1769 506 1791 και
535 1768 578 1791 εν
604 1752 649 1806 τῆ
680 1767 832 1800 τιμησει
851 1749 1107 1800 βουλομενων
1128 1753 1204 1788 τῶν
1229 1753 1420 1788 δικαστῶν
1442 1749 1608 1789 θανάτου
1636 1766 1793 1800 τιμησαι

282 1809 394 1861 αὐτω,
420 1808 580 1857 ἐδεηθην
603 1809 678 1858 ἐγὼ
701 1811 776 1845 τῶν
798 1809 1000 1851 δικαστῶν,
1019 1807 1138 1855 μηδὲν
1161 1804 1205 1844 δι’
1231 1806 1297 1854 ἐμὲ
1319 1808 1494 1844 τοιοῦτον
1515 1809 1666 1854 πραξαι,
1686 1807 1794 1845 ἀλλὰ

283 1866 547 1915 συγχωρῆσαι,
581 1864 752 1914 ὅσονπερ
783 1863 890 1901 αὐτοι
925 1863 1119 1911 ετιμῶντο,
1153 1860 1360 1900 ταλάντου.
1398 1860 1792 1901 SEAGER.Dia1.

283 1919 450 1960 Classic.
471 1922 537 1958 60.
563 1934 602 1972 p.
624 1931 715 1972 273.
750 1918 897 1957 Malim
918 1917 969 1956 δέ.
1006 1916 1256 1957 SCHAEF.
1321 1916 1415 1955 Hoc
1436 1916 1584 1969 recepi.

345 1988 467 2029 1245,
495 1988 534 2028 3.
581 1977 633 2017 εἰς
672 1977 720 2014 τὰ
761 1976 1050 2024 δημόσια-τῆς
1091 1974 1239 2023 οὐσίας]
1284 1973 1534 2022 δημευθείσης
1574 1972 1689 2013 αὐτοῦ
1727 1975 1794 2022 τῆς

284 2031 431 2072 οὐσίας.
455 2031 646 2071 WOLF.

345 2099 464 2139 1245,
488 2089 526 2126 6.
560 2089 608 2128 ὡς
629 2088 744 2128 ὄντας
762 2086 1029 2137 Ἀρεθουσίου.
1071 2087 1090 2124 6
1109 2086 1149 2124 δε
1172 2085 1439 2135 Νικόστρατος
1458 2087 1723 2133 μεταποιεῖται
1744 2084 1794 2125 ὡς

285 2142 406 2195 ἰδίων]
431 2143 469 2181 V
474 2143 628 2195 111ρζ.ὡς
659 2144 725 2182 οὐκ
757 2144 870 2184 ὄντας
889 2141 1155 2193 Αρεθουσίου,
1187 2156 1451 2190 μεταποιειται
1482 2140 1532 2180 ὡς
1564 2140 1682 2178 ἰδίων.
1724 2139 1793 2178 οὐκ

285 2198 466 2237 deletum
494 2199 581 2237 vult
602 2198 791 2237 Wolfius
853 2198 958 2236 Post
988 2211 1079 2236 11111
1080 2211 1133 2249 <ro
1156 2197 1296 2235 Lutet.
1319 2196 1393 2235 dat
1426 2212 1486 2234 και
1516 2198 1792 2244 μεταποιεῖται.

283 2257 583 2303 μεταποιοῦιται
618 2253 857 2300 Bavaricus‚
893 2252 1046 2291 scilicet
1084 2252 1208 2291 ambo
1249 2252 1411 2298 fratres,
1447 2249 1713 2289 Nicostratus
1748 2253 1792 2289 et

285 2308 550 2348 Arethusius.
615 2309 790 2348 Secutus
812 2323 903 2347 sum
926 2307 1139 2346 Wolfium.
1174 2306 1367 2345 REISK.
1418 2305 1484 2344 Ex
1506 2305 1584 2344 illis
1606 2320 1645 2373 p.
1670 2315 1790 2359 1255.

288 2365 396 2415 (πρὶν
416 2366 488 2414 μὲν
513 2365 691 2414 ὀφείλειν
722 2365 771 2417 τῷ
804 2364 973 2415 δημοσίῳ
995 2365 1015 2402 6
1035 2362 1286 2413 Ἀρεθούσιος
1314 2362 1551 2412 (ομολογεῖτο
1582 2365 1658 2400 τῶν
1679 2363 1793 2401 ἀδελ-

287 2424 373 2471 φῶν
395 2421 658 2470 εὐπορώτατος
681 2419 791 2458 εἶναι.
825 2419 954 2467 ἐπειδη
972 2419 1060 2457 δὀἱ
1082 2419 1192 2467 ιόμοι
1210 2418 1411 2456 κελεύουσι
1432 2417 1608 2456 τάκείνου
1628 2417 1793 2468 ὑμέτερα

287 2476 398 2524 εἶναι,
432 2479 635 2525 τηνικαῦτα
665 2475 783 2524 πένης
815 2474 869 2514 ὣν
900 2475 1080 2524 φαίνεται
1112 2475 1131 2512 ὁ
1158 2472 1422 2523 Ἀρεθούσιος,
1457 2474 1519 2511 καὶ
1554 2476 1630 2512 τῶν
1663 2474 1736 2523 μὲν
1769 2474 1793 2523 ἡ

284 2548 406 2581 μητηρ
427 2532 680 2582 ἀμφισβητει,
704 2534 779 2569 τῶν
801 2529 829 2569 δ
852 2531 873 2579 ἡ
896 2529 1082 2580 ἀδελφη.)
1124 2528 1253 2581 liquet
1280 2528 1590 2568 lesclibendum
1619 2542 1734 2568 esse:
1737 2553 1794 2558 —

286 2586 509 2638 ἀπογράφει
534 2588 554 2625 6
582 2586 879 2635 Απολλόὸωρος
907 2585 1067 2632 οικέτας,
1091 2587 1157 2632 ὧν,
1179 2586 1302 2623 ὄντων
1322 2583 1587 2634 Ἀρεθουσίου,
1610 2600 1793 2634 μεταποι-

288 2647 384 2682 εἷται
409 2644 432 2692 ἡ
457 2659 578 2693 μητηρ
609 2645 676 2681 τοῦ
702 2641 956 2692 Ἀρεθουσίου
988 2642 1049 2680 καὶ
1073 2641 1095 2690 ἡ
1126 2640 1278 2690 ἀδελφη
1311 2641 1359 2681 ὡς
1387 2641 1505 2679 ἰδίων.
1540 2639 1791 2679 SEAGER.

285 2698 311 2737 l.
335 2712 370 2738 c.
403 2697 443 2737 V
447 2698 601 2737 iolenta
621 2697 901 2750 inteipolatiQ
925 2696 988 2759 cui
1019 2710 1139 2735 nemo
1161 2709 1243 2735 11011
1264 2695 1475 2748 praeferat
1496 2694 1553 2734 W
1558 2694 1640 2734 01fi1
1665 2695 1792 2735 ratio-

285 2768 392 2793 nem.
454 2753 610 2807 Ecquis
641 2757 782 2793 autem
812 2757 936 2806 neget
966 2751 1008 2790 in
1036 2752 1299 2805 Argumento
1322 2750 1535 2791 Orationis
1558 2750 1791 2791 Nicostrati

288 2823 450 2863 quoque
471 2809 725 2849 mentionem
744 2808 833 2848 fieri
855 2808 1027 2848 deber.e
1018 2809 1030 2833 ἲ
1062 2807 1311 2848 SUHAEF.

347 2867 467 2916 1246,
492 2877 529 2904 2.
561 2882 630 2915 την
658 2864 893 2917 ἀπογραφην
925 2864 1179 2915 ἐποιησάμην]
1212 2862 1435 2902 Actionem
1470 2861 1633 2902 institui
1668 2861 1792 2903 titulo

287 2920 466 2974 injustae
498 2921 750 2962 detentionis
780 2934 922 2963 earum
948 2934 1098 2970 reium,
1132 2934 1236 2973 quae
1263 2918 1366 2973 reip.
1396 2922 1549 2968 essent,
1576 2931 1658 2958 non
1689 2923 1789 2977 ejus,
