1925 3215
504 142 823 184 ADVERSUS
858 142 1301 184 NICOSTRATUM.
1550 144 1660 187 1309

153 263 281 302 sepes.
345 247 427 287 Hic
450 248 643 288 videntur
671 248 763 288 ideo
791 249 847 287 sic
877 248 1012 287 dictae
1043 248 1178 294 fuisse,
1203 247 1311 300 quod
1343 252 1481 287 essent
1511 252 1585 287 aut
1617 248 1657 287 in

152 306 296 344 orbem
317 304 428 344 horti
451 309 525 344 aut
546 305 599 344 ad
621 319 734 344 oram
758 319 947 344 arearum
972 304 1168 350 consitae,
1185 303 1333 356 quibus
1356 303 1395 342 in
1419 303 1525 343 areis
1548 304 1659 344 olera

152 361 324 400 floresve
358 360 513 400 aliaeve
548 362 720 400 arbores
753 360 974 411 frugiferae
1011 365 1237 405 exstarent,
1273 359 1329 399 ita
1367 365 1413 400 ut
1449 365 1660 400 extremus

152 430 293 456 earum
316 431 506 456 arearmu
529 417 711 457 ambitus
733 423 839 456 esset
862 416 961 455 oleis
983 416 1179 455 consitus.
1227 415 1416 456 REISK.

209 486 223 511 1
236 484 330 525 251,
350 483 412 524 27.
431 474 500 522 τὴν
515 473 719 526 ῥοδωνιὰν]
739 473 853 513 (litat
873 472 1180 525 Harpocration
1197 471 1437 511 vfl’ffmnwd.
1463 471 1658 512 REISK.

154 528 261 568 Item
287 529 582 581 Hermogenes.
628 529 680 567 V.
703 534 788 568 not.
811 529 863 568 ad
886 544 923 581 p.
944 529 1062 581 1308.
1086 530 1122 566 6.
1166 528 1316 567 ιἉὊΙΙΛ
1332 528 1415 567 ΕΡ.

213 598 333 638 1252,
358 597 418 624 12.
451 585 597 635 ἡμέραν
619 585 984 637 διαμεμετρημένην]
1020 584 1133 623 (fitat
1167 584 1205 623 li.
1235 584 1259 622 l.
1289 584 1601 637 Harpocration
1620 601 1655 625 v.

154 641 497 691 Διαμεμετρημεί·η
532 641 665 692 ἡμέρα.
741 641 967 693 Significat,
1005 640 1045 678 ni
1082 640 1212 687 fallor,
1250 640 1325 678 hoe
1364 642 1657 693 Apollodorus,

153 696 228 735 sibi
264 711 344 735 uon
383 697 542 735 licuisse
577 696 717 735 multis
746 697 880 736 verbis
911 711 1100 735 caussam
1133 710 1249 735 suam
1280 711 1415 749 agere,
1446 698 1541 750 quia
1572 698 1660 737 dies

152 752 221 792 illa
255 752 474 805 judicialis,
510 768 590 807 qua
626 753 706 792 ista
746 760 843 792 aeta
878 752 1021 791 fuisset
1058 767 1216 799 caussa,
1255 767 1328 805 per
1367 753 1518 793 multas
1556 754 1659 794 alias

153 823 323 848 caussas
345 809 470 848 etiam
492 810 635 848 eadem
654 808 719 848 die
741 809 1034 861 disceptandas
1054 808 1199 847 suisset
1222 808 1351 847 divisa
1373 814 1415 848 et
1437 810 1658 863 descripta.

154 864 275 903 Brevi
298 864 425 917 igitur
446 865 514 905 illa
535 865 722 904 oratione
744 880 818 904 sua
839 880 931 903 cum
954 870 1093 904 tamen
1116 864 1387 904 .-x1·ct}msiun1
1410 880 1524 904 reum
1547 880 1660 919 pere-

151 920 292 974 gisset,
316 920 445 960 tacite
471 921 667 967 insinuat,
692 921 749 960 ita
778 921 1035 974 perspicuam
1063 920 1187 959 fuisse
1217 935 1386 960 caussae
1418 936 1517 961 suae
1546 922 1662 961 boni-

153 981 298 1024 tatem,
321 982 368 1016 ut
395 977 554 1029 judices
583 977 670 1015 sine
701 977 968 1016 cunctatione
997 976 1222 1015 seeundum
1254 991 1307 1024 se,
1337 977 1535 1017 adversus
1558 978 1661 1017 Arc-

152 1032 336 1072 thusium
370 1033 484 1072 litem
516 1033 739 1072 dedissent.
777 1033 970 1072 REISK.
1035 1034 1157 1082 αἱρεῖν
1187 1032 1281 1082 πρὸς
1312 1035 1662 1084 διαμεμετρημένην

153 1088 222 1138 τὴν
242 1089 387 1139 ἡμέραν
405 1089 582 1129 oratoris
603 1103 691 1129 esse
712 1091 919 1129 πανδείιόυ
941 1088 1093 1128 dicitur
1112 1103 1152 1141 p.
1175 1090 1270 1141 378,
1295 1090 1333 1128 6.
1378 1089 1624 1129 SCHAEF.

216 1146 564 1197 1252,17.αὐτοὶ]
603 1145 868 1185 Nicostratus
889 1150 931 1184 et
955 1144 1217 1184 Arethusius.
1262 1145 1454 1185 REISK

215 1211 334 1253 1252,
356 1201 417 1240 28.
448 1201 515 1241 τὸν
534 1201 865 1252 μὲν-Κερδωνα]
901 1201 1143 1254 Respondet
1168 1201 1235 1240 τὸν
1257 1203 1297 1240 δὲ
1321 1203 1462 1252 Μάνην
1482 1217 1522 1255 p.
1542 1213 1661 1256 1253,

157 1267 193 1308 7.
238 1256 487 1296 SCHAEF.

213 1314 254 1352 ἐκ
288 1316 424 1363 μικροῦ
455 1315 672 1363 παιδαρίου]
710 1313 861 1353 Rarior
892 1313 1062 1353 locutio.
1123 1313 1446 1367 Frequentiores
1480 1314 1580 1354 hae:
1621 1315 1662 1354 ἐκ

156 1367 256 1417 νέου,
281 1370 322 1407 ἐκ
349 1370 559 1418 μειρακίου,
581 1371 620 1408 ἐκ
647 1372 793 1411 παιδός.
838 1370 892 1409 V.
912 1370 1093 1409 Thomas
1118 1370 1177 1408 M.
1198 1385 1236 1423 p.
1264 1372 1356 1420 284.
1380 1376 1422 1410 et
1445 1370 1663 1410 Boissona-

155 1424 247 1463 dius
268 1424 322 1464 ad
346 1424 590 1464 l'hilostrat.
614 1440 651 1478 p.
672 1428 767 1477 348.
811 1425 1061 1466 SCHAEF.

218 1493 336 1534 1253,
359 1494 400 1533 3.
426 1482 634 1531 ἐκομίζετο]
672 1481 837 1521 Scilicet
857 1481 945 1532 παρ’
963 1483 1133 1521 ἐκείνων.
1179 1481 1426 1521 SCHAEF.

217 1549 337 1590 1253,
360 1551 399 1586 4.
430 1536 659 1589 ἐργάσαιτο]
693 1537 940 1588 εἰργάσαιντο
964 1538 1003 1577 S.
1050 1537 1209 1577 Verum
1231 1538 1395 1577 videtur
1417 1538 1661 1589 ἐργάσαιντο,

155 1591 315 1632 scilicet
351 1598 437 1632 tam
476 1593 727 1646 mancipium
761 1608 885 1646 quam
917 1593 985 1646 qui
1021 1594 1108 1647 ejus
1146 1609 1273 1647 opera
1308 1595 1549 1635 utebantur.
1620 1594 1662 1634 Si

156 1648 268 1695 illud,
298 1649 553 1688 Arethusius
589 1651 694 1691 δίκας
730 1650 877 1689 ἐδίδου;
917 1649 950 1688 si
980 1650 1034 1698 hi,
1068 1651 1174 1692 δίκας
1211 1650 1451 1700 ἐλάμβανεν.
1500 1651 1553 1690 V.
1577 1656 1664 1691 not.

156 1718 240 1757 seq.
282 1704 531 1744 SCHAEF.

214 1761 263 1802 ὡς
292 1762 478 1810 δεσπότης
506 1761 578 1814 ὢν]
615 1761 726 1801 Huic
758 1762 865 1801 enim
897 1776 1043 1802 caussa
1076 1763 1238 1816 agenda
1271 1767 1377 1811 erat,
1400 1776 1526 1816 quum
1559 1762 1665 1802 servi

155 1817 209 1856 ab
226 1816 392 1870 judiciis
414 1817 567 1856 exclusi
590 1822 741 1857 essent.
790 1818 842 1857 V.
865 1818 917 1857 ad
939 1833 980 1871 p.
1001 1819 1118 1866 1280,
1145 1832 1209 1859 21.

218 1883 337 1925 1253,
360 1886 399 1924 5.
424 1874 586 1924 εἰδότας]
623 1874 759 1913 Abest
786 1874 839 1913 ab
862 1874 915 1912 A.
977 1874 1108 1913 Recte
1141 1874 1325 1913 arbitror
1355 1875 1512 1914 abesse.
1574 1874 1666 1924 Quo

156 1928 349 1975 admisse,
373 1929 458 1969 τοὺς
484 1929 729 1968 1111111111(111111
752 1929 829 1969 erit
855 1929 896 1967 in
917 1930 1088 1970 τούτους
1139 1929 1204 1969 laos
1235 1930 1335 1983 ipsos
1356 1930 1581 1982 producam
1611 1930 1669 1969 cccl

156 1998 222 2024 ‘cos
252 1990 367 2031 astes,
392 1998 511 2037 penes
541 1999 632 2038 quos
661 1999 781 2038 opera
811 1999 971 2038 corpore
1001 1985 1137 2025 danda
1170 2000 1265 2025 aera
1301 1987 1444 2026 meruit
1479 1986 1599 2026 Cerdo
1631 1993 1666 2026 et

158 2039 296 2093 quibus
316 2040 413 2079 satis
434 2040 541 2080 <ledit
561 2041 799 2081 Arethusius
823 2048 893 2081 aut
921 2055 1011 2095 quos
1030 2042 1125 2094 jure
1146 2049 1373 2095 persecutus
1396 2049 1447 2081 est
1468 2056 1549 2096 pro
1575 2043 1666 2082 Cer-

156 2096 266 2135 done.
311 2096 513 2135 REISK.

221 2165 340 2205 1253
364 2162 402 2203 7.
425 2153 508 2191 Τὸν
537 2154 621 2192 &ki
609 2152 766 2206 ΧΙάιηι]
807 2154 914 2193 Sunt
949 2153 1129 2193 absoluti
1163 2152 1402 2201 accusativi,
1435 2155 1666 2208 cujusmodi

158 2208 452 2248 accusatixosi
438 2222 639 2262 usurpare
662 2209 987 2249 Demosthenem
1008 2209 1206 2263 exemplis
1237 2209 1397 2262 aliquot
1424 2211 1511 2264 jam
1539 2225 1665 2265 supla

159 2264 364 2304 constitit.
420 2265 533 2314 Quod
564 2271 693 2304 autem
725 2265 782 2304 ad
810 2266 975 2305 sslamm
1006 2266 1157 2306 attinet.
1222 2265 1336 2306 Alias
1369 2267 1532 2307 deesset
1565 2269 1667 2309 ὅπως

159 2319 362 2368 ἐκτησατο,
391 2321 474 2370 ε’ρῶ.
535 2321 699 2360 sssanem
733 2328 862 2361 (mrem
897 2321 1081 2375 quomodo
1115 2328 1253 2362 nactus
1283 2323 1346 2370 sit,
1380 2337 1483 2363 nunc
1517 2323 1666 2363 cleeam

159 2376 364 2415 REISK.
427 2376 586 2416 Eodem
612 2377 707 2430 jure
729 2377 923 2417 Reiskius
953 2377 1189 2431 proximum
1211 2380 1392 2420 δανείσας
1413 2379 1548 2419 dicere
1574 2384 1666 2433 pot-

160 2435 251 2470 erat
281 2431 580 2471 nominativum
611 2433 871 2473 absolutum:
910 2448 1007 2473 nam
1032 2435 1142 2487 quod
1174 2434 1361 2487 sequitur
1381 2436 1553 2474 &elbum
1582 2437 1668 2475 ἐνα-

159 2503 372 2536 πετιμησεν
392 2488 535 2527 referri
558 2494 736 2542 ΟΡο1161,
755 2504 838 2529 11011
859 2490 912 2529 ad
936 2490 1002 2529 τὸν
1023 2492 1270 2535 δανεισαντα,
1289 2491 1361 2529 Sed
1382 2490 1436 2529 ad
1457 2491 1526 2529 τὸν
1543 2494 1667 2530 δανει-

162 2541 347 2592 σάμενον.
410 2543 491 2582 Sed
526 2543 586 2583 ita
620 2544 721 2583 nihil
755 2545 981 2609 quidquam
1016 2546 1208 2598 proficias
1242 2545 1297 2585 ad
1331 2546 1536 2585 rationem
1573 2560 1667 2585 eon-

162 2597 405 2637 structionis
448 2599 799 2652 pelspiciendam:
852 2601 930 2641 nisi
973 2601 1081 2641 forte
1126 2606 1247 2654 putes
1293 2606 1435 2640 orate]
1438 2615 1513 2648 em
1556 2602 1667 2641 omni

161 2653 325 2692 ratione
350 2667 501 2706 susque
523 2655 654 2707 deque
682 2656 840 2704 habita,
862 2657 989 2697 verba
1013 2662 1061 2696 ut
1085 2671 1255 2696 arenam
1283 2655 1369 2695 sine
1398 2656 1507 2695 calce
1534 2658 1667 2710 proje-

160 2708 279 2748 cisse.
332 2708 499 2749 Scilicet
518 2710 733 2781 periodum
755 2712 815 2752 ita
836 2711 1060 2766 inceperat,
1079 2717 1126 2751 ut
1149 2712 1217 2764 qui
1239 2711 1296 2750 sic
1318 2716 1426 2751 esset
1447 2711 1666 2752 finiturus:

164 2766 218 2805 εἷς
248 2765 480 2813 ἀποτίμησιν
513 2766 680 2807 ἅπαντος
711 2770 871 2816 ἔλαβεν.
922 2769 976 2807 Y.
1003 2782 1042 2820 p.
1067 2768 1160 2819 878,
1187 2767 1251 2806 28.
1312 2766 1667 2829 111111111116186113,

161 2819 244 2867 illa,
268 2820 500 2869 ἐπειδη-τὸ
533 2821 709 2873 ἀρχαῖον,
732 2822 957 2863 effecerunt
984 2782 1031 2862 ult
1064 2822 1223 2862 excidii
1252 2821 1442 2861 oblitus
1432 2837 1475 2861 ln
1504 2823 1585 2863 fine
1612 2824 1666 2864 ad

161 2875 343 2915 alte1um
364 2875 611 2928 subjectum,
628 2881 775 2930 utpote
796 2879 976 2932 propius,
1000 2878 1225 2918 deerralfflet
1259 2877 1311 2916 V.
1326 2878 1381 2917 ad
1401 2892 1441 2931 p
1460 2890 1579 2929 1222,
1601 2891 1666 2933 23.

167 2932 369 2985 1229,16.
397 2933 515 2984 1326,
539 2933 577 2971 6.
621 2932 869 2973 SOHAEF.
