1925 3215
512 664 783 716 INDEX
839 664 1231 716 GRAECUS

853 837 895 861 IN

257 981 870 1030 ANNOTATIONES
918 979 1488 1026 INTERPRETUM.

122 1278 291 1322 ἀγαπητὸς
309 1279 388 1320 824.

116 1323 275 1369 ”Αγαυος,
294 1335 364 1357 11011
376 1324 520 1369 Ἀγαυός
537 1335 616 1369 953.

123 1370 239 1414 ἀγυιάς
257 1376 289 1404 et
305 1370 421 1415 ἀγυιᾶς
440 1379 516 1414 777.

123 1416 174 1448 ἀεὶ
201 1419 363 1460 συνεχῶς,
386 1416 437 1449 ἀεὶ
462 1419 528 1450 πᾶν
556 1415 643 1460 ἦμαρ
666 1422 699 1450 et
725 1416 850 1451 Similia

172 1471 249 1505 713

123 1507 276 1551 ἁειλογία
294 1507 372 1549 485.

124 1552 325 1586 αἰδέσασθαι
341 1563 438 1596 1209.

125 1597 228 1633 αἴτιος
245 1599 496 1643 rb—sequente
512 1598 682 1632 infinitivo
700 1608 775 1643 171.

125 1644 216 1677 ἀλλά
232 1644 373 1688 ponitur
390 1644 529 1689 quando
553 1656 588 1678 re
611 1645 724 1689 aliqua
745 1644 852 1678 missa

173 1689 216 1722 ad
248 1690 348 1722 aliam
380 1690 548 1723 transitur
580 1702 684 1734 quarn
720 1690 852 1723 adverti

173 1735 283 1779 magis
301 1735 403 1768 etiam
420 1736 542 1769 attinet
559 1736 637 1780 831.

126 1781 216 1814 ἀλλὰ
248 1780 292 1823 μή
321 1795 373 1814 πω
402 1783 517 1820 ταῦτα,
547 1781 624 1815 ἀλλ’
651 1783 742 1814 οὔπω
775 1782 852 1825 περὶ

173 1825 308 1865 τούτων,
327 1827 499 1860 intellecto
516 1827 674 1871 εἰρήσθω,
695 1827 772 1871 796.

126 1871 390 1915 ἄλλος-ἕτερος
409 1882 449 1916 27
458 1883 470 1905 Ι
480 1898 486 1905 .

125 1917 237 1950 Ἃλῶα
256 1918 354 1961 1389.

126 1963 332 2003 ἀναβάλλειν
349 1968 381 1996 et
398 1963 654 2003 ἀναβάλλεσθαι
673 1975 729 2008 99,
746 1963 820 1996 182.

127 2009 277 2042 ἀνακεῖον
292 2018 390 2052 1245.

127 2054 269 2098 ἀναρχία
286 2053 379 2097 apud
397 2054 530 2087 Atticos
548 2054 627 2098 629.

127 2100 343 2143 ἀνδροληψια
360 2105 392 2132 et
409 2099 642 2143 ἀνδρολήψιον
660 2111 738 2145 920.

128 2145 293 2188 ἀνταίρειν
310 2144 366 2178 68.

128 2191 318 2230 αντίβολον,
336 2192 387 2230 τό,
406 2201 504 2234 1432.

129 2236 298 2270 ἀντίδοσις
314 2235 407 2280 apud
426 2236 655 2270 Athenienses
673 2236 751 2280 627.

129 2282 349 2326 ἀντιχόρηγος
366 2281 445 2326 615.

129 2327 195 2360 ἅνω
211 2330 368 2370 ποταμῶν
385 2336 464 2371 577.

130 2373 325 2416 ἀπαλλαγαί
342 2378 374 2406 et
391 2373 573 2427 διαλλαγαί
590 2373 668 2407 806.

130 2418 250 2451 ἄποινα
266 2418 287 2450 1.
304 2429 335 2462 q.
354 2417 509 2462 χρήματα
526 2429 605 2463 902.

130 2463 396 2507 ἀπολογίζεσθαι
412 2473 491 2508 997.

130 2508 320 2551 ἀπόμισθος
338 2519 350 2541 1
360 2518 411 2552 15.

131 2554 335 2588 ἀποστολεις
352 2562 429 2597 375.

131 2599 388 2642 ἀποστράτηγος
404 2598 487 2632 ve-l’
469 2601 726 2644 αποστρατηγός
743 2611 821 2644 940.

131 2643 325 2687 ἀπόφανσις
342 2643 420 2677 608.

132 2689 326 2733 ἀπόφανσις
343 2695 376 2722 et
392 2688 566 2733 ἀπόφασις
583 2701 595 2723 1
607 2700 681 2733 105.

133 2735 251 2778 ἀρετῆς
268 2734 361 2767 ἕνεκα
387 2749 440 2767 και
466 2734 710 2779 καλοκάγαθίας
734 2736 770 2768 111
786 2735 855 2768 for-

179 2780 282 2813 mulis
301 2779 517 2814 decretorum
535 2781 614 2824 383.

132 2824 378 2869 Ἀριστόλοχος
394 2836 523 2859 nomen
540 2834 637 2870 1135.

134 2870 301 2922 ἁρπάζειν,
324 2870 536 2912 festinanter
564 2876 596 2904 et
628 2882 700 2904 eam
733 2872 857 2915 impetu

182 2917 344 2960 arripere,
361 2916 417 2949 81.

903 1277 1105 1322 ἀρχαιρεσία
1122 1288 1269 1310 numero
1287 1277 1454 1321 singulari
1474 1286 1550 1318 225.

903 1323 1085 1368 Ἀρχιάρης
1101 1322 1174 1356 vel'
1179 1323 1348 1367 Αρχίαρος
1365 1323 1444 1356 808.

904 1369 1146 1414 ἀρχιτέκτωνί.
1166 1380 1198 1413 q.
1217 1369 1402 1412 θεατρώνης
1420 1369 1473 1402 vel
1495 1368 1631 1412 θεατρο-

949 1417 1066 1457 πώλης
1082 1425 1160 1458 319.

903 1460 1059 1504 ἀστράβη
1077 1461 1156 1504 809.

904 1505 1037 1539 ἀτέλεια
1054 1505 1147 1549 apud
1166 1504 1456 1538 Lacedaemonios
1475 1504 1554 1549 695.

905 1551 1065 1586 ἀτέλειαζ
1056 1555 1152 1595 ιερῶν
1170 1551 1248 1608 607.

905 1597 1059 1641 ι’ίτιμος1.
1076 1609 1108 1641 q.
1127 1596 1334 1640 ἀτιμώρητος
1351 1606 1425 1640 192.

898 1642 1024 1686 ’Ἄττης
1041 1652 1120 1685 450.

906 1690 1064 1740 αὐληταῖς
1096 1688 1239 1731 ἀνδράσι
1272 1701 1442 1732 χορηγειν,
1474 1694 1632 1720 sumtuo-

954 1734 1131 1768 sissimum
1149 1733 1296 1767 Athenis
1314 1733 1393 1766 616.

907 1781 1179 1824 αὐτεπάγγελτος
1196 1778 1373 1822 ἐθελοντής
1390 1789 1468 1823 349.

907 1826 1130 1869 αὐτοσχεδίου
1158 1824 1493 1868 (extemporalitatis)
1525 1823 1554 1856 fi
1547 1834 1634 1867 gnra

954 1883 996 1915 ap
999 1870 1047 1904 ud
1063 1876 1215 1903 oratores
1234 1869 1313 1903 686.
1332 1870 1410 1913 803.

906 1917 1080 1960 βάρβαρος
1098 1916 1161 1958 (sc.
1180 1916 1237 1959 γῆ)
1255 1915 1328 1948 186.

906 1964 974 2006 βαρ
978 1961 1113 1995 ὑστονοι
1129 1961 1304 2005 ὑποκριταί
1321 1970 1399 2004 452.

906 2008 1104 2047 βασίλισσα
1121 2007 1219 2051 1380.

909 2054 1071 2092 Βάταλος,
1087 2053 1257 2086 Βάτταλος
1277 2062 1307 2085 2.

910 2101 1071 2137 Βοιώτιοι,
1090 2098 1169 2142 pagi
1186 2097 1293 2131 Attici
1310 2108 1450 2135 nomen,
1468 2108 1477 2130 1
1491 2107 1564 2130 120.

908 2144 1096 2183 βούλεσθαι
1113 2150 1146 2177 et
1163 2142 1273 2177 θέλειν
1290 2142 1345 2184 64.

907 2189 1123 2228 βουλεύσεως
1140 2189 1228 2222 actio
1246 2189 1343 2222 1028.

908 2236 1062 2280 γεννηταί
1079 2246 1092 2268 Ι
1099 2246 1120 2279 3
1125 2244 1178 2278 77.

909 2283 1060 2325 γεραῖραι
1073 2282 1127 2314 vel
1144 2280 1283 2324 γεραραί
1299 2289 1397 2324 1379.

908 2327 1070 2371 γερουσία
1090 2325 1445 2359 Lacedaemoniorum
1465 2324 1528 2368 69-
1521 2350 1543 2368 ,.

908 2372 1123 2426 γραμματεὺς
1137 2373 1194 2414 τῆς
1209 2372 1337 2413 βουλῆς
1355 2382 1433 2414 329.

908 2417 1203 2463 γραμματοκύφων
1220 2427 1299 2460 431.

909 2464 1040 2507 γραφαὶ
1056 2464 1256 2506 παρανόμων
1269 2462 1347 2505 632.

910 2508 1160 2553 γυμνασιαρχία
1184 2518 1314 2540 munus
1342 2506 1520 2550 publicum
1542 2504 1635 2548 apud

958 2554 1187 2587 Athenienses
1205 2552 1270 2585 61
1252 2575 1284 2595 Ο.

911 2600 1053 2643 δάκρυσι
1070 2599 1183 2631 κλάειν
1201 2608 1298 2640 1091.

911 2645 1012 2688 δείξει
1029 2642 1304 2687 impersonaliter
1322 2642 1376 2682 64.

912 2690 985 2723 δέος
1028 2694 1061 2721 et
1104 2689 1216 2731 φόβος
1256 2686 1431 2731 quomodo
1476 2685 1636 2718 differant

912 2744 1161 2822 δευτ3εῗ1ολογίαι
1191 2783 1224 2811 et
1253 2776 1461 2820 τριτολογίαι
1493 2776 1528 2808 111
1561 2776 1636 2809 foro

959 2824 1074 2857 Attico
1091 2832 1170 2868 599.

911 2869 1108 2913 δημιουργοὶ
1125 2867 1455 2911 Peloponnesiorum
1475 2877 1513 2907 41
1525 2877 1552 2898 1.

912 2916 1023 2958 δῆμος.
1074 2917 1139 2948 τῶν
1155 2912 1267 2956 δήμων
1283 2913 1335 2946 vel
1353 2913 1411 2945 τοῦ
1431 2910 1547 2954 δήμου,
1565 2922 1636 2944 non
