1935 3200
272 121 384 163 1390
824 116 885 155 IN
917 115 1230 156 NEAERAM.

271 221 342 261 ubi
369 220 567 260 frumenti
597 221 802 274 primitias
827 221 1128 261 consecrabant
1150 219 1288 261 Cereri
1310 225 1352 260 et
1374 219 1551 268 Baccho,
1574 220 1776 261 arationis

272 277 526 329 sationisque
547 276 843 316 inventoribus.
902 276 1062 316 Eadem
1083 276 1276 316 videntur
1297 290 1384 315 esse
1407 276 1592 316 Θαλύσια
1612 281 1655 317 et
1672 291 1777 330 quae

272 333 461 372 rhetores
492 332 673 385 quidam,
711 333 961 372 admonente
998 332 1236 379 Eustathio,
1272 331 1581 383 Συγκομιστήρια
1611 336 1776 372 vocant.

275 388 383 428 Vide
402 388 657 441 Hesychium
673 403 708 428 v.
729 388 1051 439 Συγκομιστήρια.
1104 388 1357 428 Favorinus:
1392 388 1577 428 Θαλύσια
1598 390 1637 427 αἱ
1658 389 1778 439 ἀπαρ-

273 446 353 497 χαί.
392 445 512 495 ἤγουν
534 446 572 483 αἱ
592 446 688 494 μετὰ
705 445 774 494 τὴν
791 444 994 495 συλλογὴν
1009 448 1085 484 τῶν
1108 448 1262 494 καρπῶν
1283 444 1478 493 διδόμεναι
1500 446 1573 497 θεῷ
1595 445 1689 494 ὑπὲρ
1711 448 1777 483 τοῦ

273 501 334 540 καὶ
367 501 420 541 εἰς
451 501 581 540 ἔπειτα
610 500 774 540 θάλλειν
803 502 871 541 τὰς
903 499 1287 551 ἀρούρας.-ἰο·τεόν
1314 501 1355 538 δὲ
1383 499 1440 538 ὅτι
1472 500 1534 538 ἐπὶ
1567 500 1777 554 συγκομιδῇ

274 560 440 607 καρπῶν,
475 555 535 607 ἐφ’
558 555 582 611 ᾗ
615 558 675 595 καὶ
705 559 752 596 τὰ
784 558 970 596 Θαλύσια
1007 557 1152 601 ἐθύετο,
1189 555 1300 606 ἑορτὴ
1336 555 1450 606 ἤγετο
1483 554 1683 606 Δήμητρος
1718 556 1779 594 καὶ

275 613 471 652 Διονύσου
500 614 595 652 κατὰ
623 614 869 658 Παυσανίαν,
887 611 1021 652 ‘Ama
1051 612 1284 661 καλουμένη,
1306 613 1367 650 διὰ
1393 611 1436 650 τὸ
1463 615 1543 652 ταῖς
1573 612 1776 663 ἀπαρχαῖς,

275 668 335 707 καὶ
367 667 540 717 μάλιστα
569 685 611 707 εν
626 667 820 718 Ἀθηναις,
854 668 928 708 ἀπὸ
960 684 1024 717 της
1054 669 1135 707 ἅλω
1167 670 1254 707 τότε
1284 669 1559 719 καταχρησθαι,
1587 667 1780 718 φέροντας

275 725 327 765 εἷς
341 722 567 763 Ἐλευσῖνα·
599 742 621 774 7]
643 741 739 772 επει,
769 726 866 763 καθὰ
895 724 956 763 καὶ
967 722 1140 774 “Ομηρος
1171 724 1364 774 ἐμφαίνει,
1389 739 1431 762 εν
1453 723 1603 762 ἅλωσιν
1625 723 1779 770 ἔπαιζον

275 782 369 818 κατὰ
397 796 466 829 την
489 780 636 830 ἑορτην,
665 782 707 820 ἐν
734 778 757 835 ἡ
790 797 850 821 και
885 783 1131 821 Ποσειδῶνος
1160 780 1207 829 ἠν
1234 796 1379 829 πομπη.
1445 778 1512 819 Ita
1534 778 1780 818 Tlleoclitus

276 835 395 889 Idyll.
423 847 463 887 7:

445 913 543 952 Οἶον
565 912 608 961 δὴ
629 914 722 952 τόκα
743 916 857 962 πῶμα
878 914 1174 964 διεκρανώσατε,
1198 914 1376 964 Νύμφαι,

445 969 565 1022 Βωμῷ
587 971 663 1020 πὰρ
686 968 890 1020 Δάματρος
904 968 1115 1010 (Αλωάδος.

274 1056 339 1097 De
361 1056 511 1097 Haleis
532 1057 687 1097 mentio
709 1057 822 1097 facta
843 1062 908 1097 est
929 1057 970 1096 in
993 1057 1260 1111 Alciphronis
1283 1056 1482 1110 Epistolis
1510 1056 1777 1110 saepiuscule,

277 1112 451 1152 Luciani
480 1113 591 1153 Dial.
622 1113 834 1153 Meretric.
859 1113 891 1152 I.
919 1118 961 1153 et
984 1113 1104 1161 VH„
1137 1113 1207 1153 ubi
1238 1113 1510 1153 consulendus
1541 1117 1605 1152 est
1636 1113 1780 1152 scholi-

274 1172 401 1217 astes,
422 1183 447 1208 a
469 1168 658 1208 Meursio
691 1169 741 1208 de
770 1169 909 1209 Festis
931 1170 1185 1209 Graecorum
1206 1174 1249 1209 et
1272 1168 1414 1209 Petito
1444 1169 1498 1208 ad
1522 1169 1620 1223 Leg.
1645 1169 1778 1209 Attic.

275 1239 313 1277 p.
336 1238 345 1262 1
362 1237 423 1278 25.
472 1224 653 1264 Videtur
674 1239 772 1278 ergo
795 1225 871 1264 hoc
892 1226 999 1265 festo
1021 1225 1089 1265 die
1110 1226 1225 1265 nefas
1246 1224 1371 1264 fuisse
1388 1224 1607 1273 victimam,
1627 1226 1778 1275 ἱερεῖον,

275 1280 459 1329 caedere,
484 1294 577 1319 cum
603 1280 748 1333 utique
773 1281 959 1335 frugibus
988 1285 1030 1320 et
1057 1282 1110 1321 ob
1133 1282 1272 1335 fruges
1301 1281 1468 1320 domum
1497 1285 1780 1333 comportatas

275 1350 396 1376 sacra
417 1337 589 1376 fierent:
623 1351 753 1390 eoque
773 1337 939 1377 nomine
963 1337 1088 1376 luisse
1118 1351 1272 1391 poenas
1303 1336 1636 1390 hicrophantam,
1657 1337 1779 1389 quod,

276 1391 415 1445 patrio
445 1392 529 1432 ritu
560 1393 763 1446 neglecto,
786 1392 965 1446 Sinopae
996 1393 1205 1434 meretrici
1235 1407 1402 1446 operam
1432 1392 1646 1446 praestitit
1675 1393 1781 1445 ejus—

277 1462 356 1500 que
374 1448 582 1488 victimam
599 1449 653 1488 ad
668 1463 786 1488 aram
803 1448 1058 1488 Eleusiniam
1077 1449 1287 1489 mactavit.
1318 1448 1576 1488 TAYLOR.
1622 1448 1781 1488 Eadem

275 1506 371 1553 fere,
388 1519 492 1557 quae
515 1504 784 1558 produximus
806 1520 857 1544 ex
876 1505 1123 1552 Phavorino,
1142 1506 1271 1545 habet
1290 1505 1469 1545 Lexicon
1487 1504 1652 1545 Goislin.
1670 1505 1782 1558 apud

279 1560 567 1600 Montfaucon.
591 1575 630 1600 n.
653 1574 691 1610 4.
717 1575 771 1609 κη,
793 1561 1057 1601 emendatum
1079 1562 1131 1601 ab
1156 1561 1375 1601 Hadriano
1398 1560 1586 1615 Heringa
1608 1561 1780 1601 Observ.

277 1615 378 1656 Crit.
400 1631 440 1669 p.
464 1627 552 1669 153.
584 1617 693 1656 IDEM
715 1617 759 1656 in
780 1617 950 1657 Schedia

339 1685 352 1711 1
362 1673 415 1725 38
419 1684 458 1725 5,
486 1686 519 1711 2.
544 1674 606 1712 ἐπὶ
626 1675 692 1721 τῆς
713 1673 883 1724 ἐσχάρας
895 1672 971 1726 -]
1008 1673 1120 1723 Quod
1144 1675 1378 1727 suporsboo,
1404 1673 1474 1727 qui
1501 1680 1589 1713 esset
1615 1674 1659 1713 in
1684 1673 1782 1713 aula

276 1727 411 1768 domus
431 1728 551 1776 illius,
574 1727 641 1767 ubi
663 1729 807 1782 Sinope
828 1729 1013 1769 Eleusino
1040 1728 1261 1778 habitasset,
1283 1730 1461 1769 Archias
1480 1729 1682 1769 victimam
1708 1730 1781 1768 im-

276 1784 462 1832 molasset,
485 1799 571 1824 cam
591 1785 667 1837 fas
696 1798 772 1824 non
798 1792 889 1825 esset
909 1799 954 1824 ea
976 1785 1039 1824 (lie
1061 1785 1260 1825 victimam
1281 1786 1533 1832 animantem,
1555 1785 1624 1824 sod
1639 1785 1783 1839 frugyes

275 1839 510 1879 solummodo
531 1840 747 1889 imnwlare,
770 1846 805 1880 et
823 1847 1035 1894 praeterea
1054 1842 1130 1893 fas
1159 1856 1306 1895 quoque
1331 1856 1407 1881 77077
1434 1847 1524 1881 esset
1545 1847 1586 1879 ut
1606 1841 1783 1881 sacerdos

276 1909 361 1935 mas
380 1896 455 1935 illa
476 1896 540 1936 die
560 1911 677 1936 sacra
686 1897 853 1949 siccaret,
875 1897 942 1936 sed
960 1903 1002 1937 ut
1022 1898 1199 1937 sacerdos
1208 1898 1404 1950 foemina.
1446 1897 1638 1936 REISK.

338 1966 353 1991 1
362 1953 415 2004 38
419 1964 457 2005 5,
481 1966 545 2006 13.
569 1952 724 2006 τοῦτον]
761 1953 1028 2006 Significatur
1059 1953 1259 2001 Bacchus,
1284 1955 1399 2007 cujus
1430 1967 1580 1993 numen
1602 1952 1783 1993 Archias

276 2008 435 2060 pariter
463 2013 590 2062 atquo
614 2008 776 2049 Neaera
807 2009 1090 2049 offenderant:
1126 2010 1227 2050 haec
1250 2010 1415 2063 quidem
1436 2024 1497 2057 eo,
1522 2009 1631 2062 quod
1656 2008 1782 2049 filiam

277 2064 363 2117 regi
394 2079 606 2103 sacrorum
637 2069 813 2117 nuptum
842 2065 1037 2113 (ledisset,
1061 2080 1142 2118 quo
1163 2066 1320 2106 factum
1341 2070 1389 2105 ut
1415 2065 1484 2105 illa
1511 2065 1597 2105 filia
1617 2065 1783 2105 Baccho

277 2120 607 2172 desponderctur
636 2135 712 2173 pro
737 2136 890 2168 uxore3
928 2121 992 2161 ille
1020 2136 1127 2169 vero,
1156 2122 1266 2175 quod
1297 2136 1414 2162 sacra
1445 2126 1611 2174 praeter
1641 2121 1703 2161 fas
1734 2135 1783 2161 ea

277 2175 344 2215 die
375 2175 550 2223 fecisset,
575 2190 681 2229 quae
713 2176 879 2217 Baccho
911 2177 1185 2217 communiter
1216 2192 1308 2217 cum
1331 2178 1479 2218 Cerere
1509 2191 1629 2217 sacra
1659 2182 1781 2218 esset.

338 2288 457 2339 1385,
478 2301 541 2340 15.
574 2288 634 2327 καὶ
667 2288 753 2329 τοὺς
789 2288 944 2339 νόμους]
985 2288 1170 2328 Subaudi
1203 2293 1538 2340 παραβεβηκυῖαν,
1566 2290 1677 2342 quod
1707 2289 1781 2328 im-

278 2343 418 2396 plicite
439 2343 543 2383 latet
564 2342 605 2382 in
626 2344 882 2393 ἠσεβηκυῖαν.
920 2344 1169 2384 SOHAEF.

338 2413 353 2438 1
361 2400 414 2452 38
419 2410 457 2452 5,
485 2401 543 2437 18.
571 2398 690 2453 αὐτῷ]
725 2400 828 2453 ἀστῷ
861 2399 1066 2439 Reiskius.
1129 2400 1422 2452 Conjecturam
1454 2401 1561 2440 tueri
1592 2400 1784 2441 videatur

277 2455 389 2509 quod
427 2455 600 2509 legimus
632 2470 671 2508 p.
697 2456 815 2508 1387,
842 2469 901 2506 15.
934 2460 977 2495 et
1007 2471 1045 2509 p.
1070 2457 1187 2509 1388,
1220 2468 1297 2495 20:
1339 2457 1524 2511 adeoque
1560 2456 1782 2523 posteriori

276 2512 364 2550 loco
397 2525 474 2564 pro
505 2512 610 2564 ἀστῷ
638 2515 702 2550 est
724 2511 924 2551 va1.lect
949 2512 1061 2565 αὐτῷ.
1126 2512 1272 2552 Placet
1305 2516 1446 2553 tamen
1481 2512 1782 2567 a1'27‹{›,scilicet

277 2568 478 2620 Στεφάνῳ.
541 2552 609 2605 Sic
630 2581 668 2606 V.
689 2580 750 2619 19.
774 2567 962 2620 sequitur
983 2568 1111 2607 αὐτοῦ.
1155 2567 1404 2609 SCHAEF

338 2623 456 2676 1385,
476 2636 539 2675 19.
563 2623 696 2677 αὐτοῦ]
732 2622 933 2676 Stephani
955 2628 1069 2676 puta.
1112 2625 1314 2663 REISK.

336 2679 456 2731 1385,
482 2681 545 2717 26.
569 2679 619 2720 ὡς
640 2679 897 2729 ἔστιν-*αὕτη
919 2684 983 2718 est
1003 2679 1172 2719 iteratio
1201 2679 1383 2719 notionis
1410 2694 1701 2734 praegressae:
1735 2681 1784 2722 ὡς

275 2735 399 2773 -οὐκ
421 2735 932 2785 ἀληθῆ-μεμαρτυρημένα.
993 2735 1143 2786 Quales
1174 2735 1392 2775 notionum
1422 2736 1677 2784 iterationes,
1701 2749 1782 2789 quo

278 2789 537 2840 ἐναργεστέρα
558 2791 633 2830 fiat
655 2790 802 2836 oratio,
825 2805 906 2829 non
935 2794 981 2830 ut
1008 2791 1214 2832 redundet
1244 2791 1460 2841 inutiliter,
1483 2792 1646 2845 saepius
1675 2791 1782 2845 posi-

279 2851 344 2885 iac
366 2845 643 2898 reperiuntur.
688 2846 932 2887 SOHAEF.

338 2902 460 2940 ἀκούω
503 2901 531 2940 δ’
560 2902 673 2942 αὐτὸν
687 2904 757 2955 —]
805 2903 993 2955 Objectio
1035 2903 1136 2944 haec
1178 2909 1241 2943 est
1283 2903 1443 2944 diversa
1486 2903 1540 2943 illi
1582 2903 1782 2957 superiori
