1925 3215
614 121 668 155 IN
703 119 1127 155 nimosTllENmI.

116 225 287 264 Nicareta,
310 226 385 259 lena
407 225 549 265 famosa,
577 226 658 259 hera
689 227 839 260 Neaerae

168 282 264 315 ¹.3;‘›¹›
284 285 314 313 4·

116 317 309 357 Niceratus,
340 317 590 357 Aelim-dusius,
618 318 840 356 trierarchus,

160 370 306 396 testatur
329 364 554 397 Demostheni
580 364 745 398 adversus
772 365 840 397 Mi-

160 409 251 442 diam
269 410 348 453 568,
368 421 421 451 24.

115 455 311 494 Niceratus,
348 456 465 489 Niciae
496 456 710 499 imperatoris
739 456 841 493 filins.

159 503 177 534 ὁ
194 501 365 546 ἀγαπητὸς
384 502 662 545 cognominatus,
681 502 843 535 laudatur

160 547 205 580 oh
229 547 466 581 liberalitatem
488 560 569 591 erga
594 548 842 592 rempublicam

161 593 243 637 567,
263 604 317 635 24-

116 639 312 678 Niceratus,
348 640 502 672 Aristoni
536 639 702 673 adversus
727 641 841 673 Cono-

162 697 241 718 nem
260 691 405 719 testatus
428 685 526 723 1266,
547 686 601 720 26.

118 731 292 770 Niciades,
314 732 480 776 Lysaniae
498 732 588 765 tilius
611 741 709 775 1305,
729 743 756 764 1.

118 777 247 816 Nicias,
282 789 405 821 praeco
438 778 491 810 vel
525 778 647 810 fetialis
684 778 843 821 Philippi,

162 823 436 856 Atheniensibus
464 824 610 857 consciis
639 830 698 856 aut
724 824 843 857 conni-

163 869 337 909 ventibus,
357 881 373 902 e
392 869 521 902 ditione
547 869 696 913 Philippi
723 870 843 913 abrep-

162 921 219 948 tus
247 926 362 960 159,1
372 941 379 953 ,
416 915 646 948 Athenienses
676 927 756 949 eum
786 915 845 949 de-

163 972 286 994 cennio
303 973 339 994 10
357 961 515 994 custodia
539 967 727 995 tenueiunt
748 967 780 995 et
805 962 845 994 li-

163 1013 252 1040 teras
281 1008 355 1052 ejus
389 1007 424 1040 in
457 1007 624 1041 concione
656 1008 844 1041 recitarunt

162 1053 246 1086 ibid.

118 1098 246 1138 Nicias,
265 1111 370 1141 gener
391 1099 526 1137 Diniae,
546 1111 699 1133 sororem
725 1100 843 1133 uxoris

164 1145 368 1189 Apollodori
386 1145 543 1179 Pasionis
569 1146 604 1178 in
625 1146 846 1179 matrimonio

164 1191 314 1225 habebat
340 1203 418 1236 949,
448 1202 502 1224 22.
547 1193 740 1225 avunculus
770 1191 844 1225 Ste-

166 1237 283 1281 phani,
312 1250 331 1270 a
357 1249 425 1282 quo
453 1237 602 1271 fortunis
629 1244 753 1271 exutus
782 1238 847 1272 fuit

170 1294 255 1316 1122
275 1284 337 1316 ult.

121 1328 252 1369 Nicias,
272 1329 455 1363 Aeschinis
481 1330 654 1373 κηδεστὴς,
673 1329 707 1363 11.
727 1342 755 1363 6.
791 1342 846 1363 so-

168 1376 254 1408 roris
284 1376 441 1416 maritus,
469 1377 487 1409 ὁ
515 1376 682 1420 βδελυρὸς
718 1376 846 1409 1)6100-

168 1421 282 1455 stheni
301 1421 414 1455 dictus
432 1433 511 1465 433,
532 1433 586 1455 20.

122 1467 253 1507 Nicias,
271 1469 384 1501 clarus
410 1468 465 1501 ille
489 1469 687 1512 imperator,
706 1469 740 1501 in
764 1479 846 1501 con-

168 1514 252 1547 siliis
280 1513 403 1547 dandis
437 1514 576 1558 publica
607 1515 722 1558 potius
753 1526 846 1547 com-

168 1559 274 1593 moda
301 1566 473 1604 spectasse
504 1571 608 1604 quam
638 1572 757 1594 auram
787 1572 848 1604 po·

168 1606 324 1649 pularem
343 1611 498 1649 captasse
517 1605 643 1639 dicitur
660 1617 716 1650 34,
738 1617 791 1639 20.

123 1651 242 1685 Nicias
269 1651 414 1685 Archon
445 1650 780 1697 [pseudeponymus,
810 1658 849 1686 ut

168 1697 321 1748 videtur]
338 1703 425 1737 tum,
438 1709 547 1742 quum
561 1698 752 1732 Aeschines
766 1709 848 1732 con-

168 1743 364 1777 vinceretur
390 1755 470 1777 cum
497 1744 668 1777 Anaxino.
699 1744 849 1788 Philippi

170 1791 395 1833 speculatore,
430 1790 519 1822 clam
554 1790 701 1823 Athenis
743 1796 849 1823 noctu

169 1835 338 1869 furtivum
361 1836 572 1880 colloquium
590 1835 753 1870 habuisse
772 1845 849 1880 273,

174 1892 226 1914 12.

125 1926 157 1960 N
163 1927 269 1960 icidas
295 1927 403 1960 defert
424 1927 657 1971 Xenopithem
681 1927 768 1960 male
791 1939 849 1971 ge-

172 1979 243 2006 stae
260 1974 386 2006 tutelae
411 1980 576 2017 nepotum
596 1985 613 2006 e
631 1973 734 2006 fratre
752 1973 848 2006 Nau-

171 2019 294 2052 sicrate
310 2030 391 2064 991,
409 2030 462 2060 14.

129 2064 315 2109 Nicippus,
334 2066 519 2098 nauclerus
542 2076 640 2103 1212,
659 2076 680 2109 3

128 2110 337 2151 Nicobulus,
355 2123 375 2144 a
401 2111 610 2145 Pantaeneto
634 2110 676 2144 de
693 2112 726 2144 vi
747 2117 779 2144 et
802 2112 854 2144 in-

173 2156 269 2190 sidiis
295 2163 489 2196 accusatus,
515 2169 619 2208 quam
645 2157 854 2191 criminatio-

172 2214 252 2236 nem
287 2214 366 2236 reus
393 2209 465 2236 tota
491 2203 645 2236 oratione
675 2215 694 2236 a
721 2216 754 2247 p.
774 2203 854 2248 966.

173 2248 268 2292 adp.
292 2249 369 2292 984.
390 2249 553 2282 defendit
572 2261 605 2282 v.
624 2261 658 2293 p.
672 2258 751 2295 973.
770 2261 797 2282 1.

129 2294 300 2334 Nicocles‚
319 2301 414 2329 tutor
433 2295 575 2328 Pasiclis
594 2307 606 2329 1
618 2307 629 2328 1
641 2306 693 2335 12,
709 2295 763 2329 26.

129 2340 354 2380 Nicodemus,
388 2341 431 2374 ab
464 2341 679 2381 Aristar‚cho
716 2341 855 2375 Moschi

175 2386 256 2424 filio,
280 2387 484 2420 interemtus
509 2397 635 2432 549,
618 2398 671 2431 ..3.
713 2394 784 2421 erat
813 2388 855 2420 de

174 2432 322 2466 factione
356 2433 506 2466 Eubuli:
535 2439 750 2484 quapropter
785 2434 854 2467 De-

175 2478 399 2511 mosthenes
392 2490 428 2511 111
447 2479 680 2522 suspicmnem
698 2491 854 2512 commu-

175 2523 279 2557 nicati
305 2535 386 2557 cum
409 2524 610 2557 Aristarcho
634 2526 770 2558 sceleris
800 2537 854 2558 ve-

174 2569 238 2602 nit.
267 2569 384 2602 Schol.
403 2569 445 2602 ad
463 2582 498 2613 p.
517 2571 597 2611 548,
616 2581 668 2612 14.

130 2615 378 2654 Nicomachus,
399 2615 590 2659 Diophanti
608 2616 630 2649 f.
651 2625 692 2649 2
679 2636 689 2660 7
697 2626 766 2660 3,
774 2643 779 2649 .

131 2660 370 2704 Nicophernus
388 2661 531 2694 Archon
553 2672 651 2705 1132,
667 2671 719 2706 27.

130 2705 364 2745 Nicostratus,
394 2706 500 2740 homo
531 2707 746 2751 peregrinus,
774 2708 855 2741 civi-

176 2751 242 2785 bus
276 2751 471 2796 adscriptus
502 2752 544 2786 ab
572 2753 747 2786 Eubulide
781 2765 854 2787 601-

178 2803 281 2841 rupto
304 2806 401 2841 1317,
420 2807 452 2839 5.

133 2843 366 2883 Nicostratus
386 2843 540 2876 Niciadis
560 2843 649 2877 filius
668 2854 766 2888 1305,
786 2858 817 2886 4.

134 2888 365 2928 Nicostratus,
406 2889 442 2922 in
483 2901 586 2933 quem
620 2890 855 2941 Apollodorus

181 2934 336 2968 Pasionis
349 2940 386 2968 ut
401 2935 436 2968 in
453 2935 650 2969 hominem
644 2936 855 2970 immemoris

1527 118 1621 162 11117

941 232 1043 270 atque
1073 226 1197 267 ingrati
1231 226 1335 258 animi
1369 226 1523 258 oratione
1553 232 1623 258 tota

943 271 1117 304 invehitur
1134 284 1152 304 a
1172 284 1203 314 p.
1222 272 1318 312 1246.
1339 271 1381 304 ad
1401 284 1433 315 p.
1455 271 1552 315 1256.

898 317 1128 356 Nicostratus,
1165 318 1426 362 Myrrhinusins
1460 328 1539 358 344,
1572 327 1622 357 15.

942 370 1012 396 erat
1039 371 1112 396 tum
1135 363 1288 399 Archon,
1308 375 1415 408 quum
1443 364 1558 396 Strato
1585 364 1623 396 li-

942 416 1011 442 tem
1040 409 1232 442 seeundum
1266 409 1538 442 Demosthenem
1565 409 1623 442 :ul-

943 467 1063 488 versus
1084 455 1229 488 Midian]
1249 455 1343 488 ‹laret
1363 455 1444 488 ibid.
1465 468 1497 488 v.
1519 467 1572 496 24.

899 501 1026 539 Ninus,
1051 502 1177 534 semina
1204 501 1393 534 sacerdotio
1422 502 1624 545 nescioquo

944 547 1106 591 fungens,
1126 560 1230 592 quam
1257 547 1410 580 criminis
1430 548 1545 580 nescio
1564 559 1622 580 cu-

940 593 998 637 jus
1034 605 1125 626 ream
1169 594 1299 637 peregit
1334 593 1508 627 Menecles
1543 603 1623 638 995,

950 650 1002 672 10.

900 684 1136 721 Notharchus.
1171 685 1297 718 arbiter
1329 686 1363 718 in
1402 686 1459 718 lite
1496 685 1624 718 Demo-

946 731 1077 764 sthenis
1093 743 1172 764 cnm
1189 731 1338 774 Aphobo
1351 731 1502 765 delectus
1522 744 1625 775 super

946 783 1037 810 statu
1057 778 1146 810 civili
1167 778 1294 821 Milyae
1313 780 1379 820 853
1396 779 1456 810 ult.

901 822 1077 866 Oedipum
1105 835 1185 856 61110
1214 823 1314 856 sociis
1342 823 1471 856 Thebis
1499 824 1624 866 ejectos

947 868 1098 913 hospitio
1145 876 1347 912 receperunt
1395 869 1625 902 Athenienses

949 925 1025 959 290,
1040 925 1094 959 27.

902 960 1097 999 Oenanthe,
1115 966 1225 994 mater
1243 960 1461 993 Stratonidae
1483 960 1579 999 1061,
1593 971 1626 1003 3,

900 1007 1053 1045 Oeneus,
1074 1006 1203 1040 Bacchi
1229 1007 1332 1044 filius,
1347 1018 1539 1050 eponymus
1566 1007 1626 1039 tri-

946 1052 1012 1086 bus
1031 1052 1265 1086 Oenei‘darum
1289 1053 1458 1105 1398,17.

902 1098 1116 1138 Oenomaus,
1143 1098 1255 1138 heros,
1278 1100 1376 1143 cujus
1404 1098 1542 1131 nomine
1569 1110 1629 1142 per

946 1145 1135 1178 ludibrium
1184 1145 1439 1178 Demosthenes
1483 1144 1627 1177 Aeschi-

946 1203 1025 1224 nem
1044 1192 1203 1235 appellat,
1223 1191 1282 1235 (1111
1305 1192 1339 1224 111
1364 1190 1480 1223 fabula
1498 1202 1627 1234 cogno-

947 1237 1039 1270 mine
1058 1243 1170 1280 partes
1196 1236 1310 1270 herois
1333 1236 1519 1281 aliquando
1537 1237 1627 1280 egis-

948 1289 998 1315 set
1017 1284 1094 1323 288,
1111 1294 1165 1316 22.
1185 1292 1263 1327 307,
1281 1293 1335 1324 25.

903 1329 1022 1362 Oetaei
1044 1339 1141 1374 1379,
1164 1340 1218 1362 22.

903 1375 1065 1419 Olympia
1117 1375 1226 1408 Pisae.
1278 1374 1380 1408 ludos
1423 1374 1628 1419 Olympicos

947 1421 1124 1465 quadrigis
1144 1421 1224 1454 vicit
1241 1420 1438 1454 Alcibiades
1457 1421 1535 1462 561,
1557 1420 1611 1454 26.

903 1467 1079 1511 Olympia,
1119 1478 1207 1512 quos
1249 1467 1355 1500 veluti
1400 1467 1628 1507 triumphales

949 1513 1118 1557 quosdam
1144 1513 1246 1546 ludos
1273 1513 1342 1557 egit
1362 1513 1471 1546 victor
1498 1513 1628 1556 Philip-

948 1571 1014 1603 pus
1039 1560 1081 1593 ab
1108 1559 1265 1603 Olyntho
1288 1565 1387 1602 capta
1410 1558 1555 1592 domum
1576 1570 1628 1592 re-

949 1606 1059 1644 diens,
1079 1612 1161 1639 sunt
1180 1605 1407 1638 Macedonica
1424 1615 1503 1645 401,
1522 1616 1574 1649 13.

904 1651 1146 1696 Olympichus,
1181 1651 1385 1695 Apollodori
1418 1651 1521 1690 filius,
1552 1651 1629 1684 Plo-

950 1697 1083 1731 thensis
1105 1708 1204 1741 1310,
1225 1708 1279 1749 23.

905 1743 1190 1788 Olympiodorus,
1225 1744 1261 1776 in
1289 1755 1393 1788 quem
1423 1743 1494 1788 agit
1520 1743 1630 1776 oratio

949 1801 1018 1833 ap.
1035 1789 1134 1833 1167.
1149 1789 1243 1833 adp.
1262 1792 1359 1833 1183.

905 1834 1155 1879 Olynthiorum
1182 1835 1379 1868 societatem
1406 1834 1473 1868 ab
1466 1835 1550 1878 ipsis
1572 1833 1630 1867 de-

950 1882 1065 1920 latam,
1084 1893 1165 1914 cum
1182 1881 1423 1925 repudiassent
1440 1880 1631 1914 Athenien-

950 1939 1016 1965 ses,
1050 1927 1190 1960 tandem
1223 1926 1451 1960 admittebant
1488 1937 1540 1971 19,
1575 1934 1630 1967 25.

950 1973 1087 2017 prodito
1120 1973 1285 2017 equitatu,
1321 1972 1499 2017 Olynthus
1533 1972 1632 2015 periit

957 2028 1032 2062 125,
1065 2030 1116 2052 12.
1153 2019 1298 2063 insignis
1325 2020 1423 2052 locus
1451 2018 1492 2051 de
1520 2018 1632 2062 Olyn-

952 2065 1106 2098 thiorum
1127 2071 1272 2110 utraque
1298 2065 1449 2104 fortuna,
1469 2070 1518 2103 ut,
1537 2070 1631 2097 ante-

954 2123 1057 2156 quam
1076 2123 1234 2144 caussam
1258 2123 1338 2144 cum
1358 2110 1518 2154 Philippo
1538 2121 1632 2143 com-

953 2169 1096 2191 munem
1121 2157 1282 2197 facerent,
1302 2162 1459 2201 potentes
1484 2156 1632 2189 fuissent

953 2204 1175 2248 victoriisque
1196 2203 1435 2247 compluribus
1464 2201 1632 2235 Lacedae-

952 2250 1089 2283 monios
1122 2249 1367 2288 concidissent,
1404 2254 1436 2282 et
1469 2254 1508 2282 ut
1537 2254 1632 2292 post-

953 2295 1110 2335 modum,
1144 2295 1264 2329 fraude
1299 2295 1449 2339 Philippi
1483 2296 1631 2327 circum-

954 2343 1058 2381 venti,
1092 2353 1236 2385 prorsus
1270 2340 1372 2374 deleti
1405 2346 1519 2374 essent
1554 2351 1632 2383 425,

957 2398 996 2421 12
1019 2399 1071 2432 sq.
1105 2395 1238 2431 partem
1269 2387 1331 2431 Ol>
1330 2386 1518 2420 nthiorum
1543 2386 1634 2419 bello

954 2440 1134 2478 captorum
1154 2433 1335 2477 Philippus
1354 2431 1549 2465 Atlestidae
1566 2432 1633 2464 Ar-

954 2479 1029 2513 cadi
1055 2479 1253 2517 donaverat,
1273 2490 1360 2522 quos
1383 2478 1438 2510 ille
1458 2476 1633 2521 pecudum

954 2525 997 2558 ad
1012 2526 1124 2558 instar
1140 2525 1176 2557 10
1194 2525 1473 2567 Peloponnesum
1498 2522 1632 2566 agebat,

955 2571 1127 2604 Aeschine
1155 2571 1236 2603 illuc
1271 2568 1509 2612 proficiscente
1519 2550 1633 2612 ὅ1633-

953 2617 1057 2650 tionis
1076 2614 1255 2649 obeundae
1273 2626 1354 2658 ergo
1372 2625 1450 2658 439,
1460 2625 1501 2665 3.

910 2662 971 2706 Ol)
971 2662 1088 2695 nthus
1122 2672 1141 2693 a
1168 2660 1351 2693 Timotheo
1393 2660 1498 2703 copiis
1533 2665 1634 2692 aucto

956 2707 1193 2740 Macedonicis
1235 2705 1378 2738 subacta
1418 2705 1483 2738 fuit
1515 2715 1569 2743 22,
1601 2717 1633 2748 5.

958 2753 1139 2796 Philippus
1158 2763 1231 2785 eam
1256 2750 1392 2789 excidit,
1412 2762 1520 2796 eoque
1545 2750 1634 2783 facto

955 2798 1138 2832 celebrant
1165 2797 1328 2841 Olympia
1353 2807 1431 2838 401,
1454 2807 1505 2840 13.
1533 2807 1634 2839 expe-

956 2844 1095 2877 ditionis
1113 2842 1326 2876 aTimotheo
1344 2842 1510 2875 adversus
1524 2841 1634 2886 Olyn-

956 2889 1055 2922 thum
1084 2894 1263 2932 susceptae
1287 2888 1416 2921 mentio
1443 2887 1480 2920 fit
1507 2899 1540 2931 p.
1555 2888 1636 2931 578,

958 2947 990 2979 3.
1021 2935 1176 2969 fortunas
1212 2934 1317 2978 hujus
1346 2934 1466 2978 populi
1500 2938 1635 2967 enarrat
