1935 3200
317 135 429 174 1230
668 130 989 171 ADVERSUS
1024 128 1404 170 STEPHANUM
1437 129 1471 169 I.

317 238 523 285 obitum&
559 237 711 291 itaque,
730 236 763 276 si
784 239 974 289 tempora
994 238 1107 275 recte
1126 235 1466 289 computavimus,
1484 234 1648 275 circiter
1661 235 1824 290 Olymp.

323 305 413 348 107,
437 308 460 348 3
483 298 559 334 aut
579 307 620 343 4.

372 350 551 401 Ἀφορμὴ
572 353 636 389 est
664 354 781 402 caput
803 348 1085 401 pecuniarum,
1107 348 1217 400 quod
1244 347 1498 400 impenditur
1524 347 1681 388 foenori
1702 362 1824 402 quae-

316 406 494 446 rendoh.
557 406 586 445 J
590 419 658 445 am
677 418 774 444 vero
797 403 1092 443 Phormionem
1113 404 1314 457 ejusmodi
1345 408 1472 457 caput
1502 404 1586 444 sive
1616 408 1772 444 sortem
1799 419 1825 445 a

319 462 499 502 Pasione
528 460 736 514 accepisse
770 460 824 500 ad
855 474 1023 499 mensae
1058 459 1385 514 negotiationem
1415 460 1698 509 exercendam,
1731 475 1825 500 con-

317 518 454 558 tendit
485 517 792 571 Apollodorus;
827 520 1082 570 quapropter
1113 516 1167 556 ad
1197 515 1346 569 capitis
1378 516 1686 556 restitutionem
1717 516 1826 569 petit

317 589 411 614 eum
445 574 612 614 actione
643 572 790 626 viginti
826 572 1108 612 talentorum:
1150 586 1247 612 nam
1281 586 1331 611 ea
1367 586 1409 611 se
1449 572 1588 626 gratia
1623 572 1824 625 superiori

318 635 506 683 tempore
527 629 665 670 omnia
687 627 950 678 concessisse,
970 642 1043 667 nec
1063 627 1357 667 Phormionem
1377 628 1419 667 in
1436 628 1504 681 jus
1522 642 1689 668 vocasse
1710 628 1823 676 dicit,

318 687 429 740 quod
450 686 484 725 is
504 699 703 739 magnum
730 684 807 724 sibi
831 684 1011 737 pendere
1033 684 1207 738 vectigal
1229 683 1425 724 voluerit:
1459 684 1582 737 idque
1602 688 1825 737 postquam

317 744 453 783 facere
474 747 697 789 recusaret,
720 755 828 780 nunc
850 740 1015 780 demum
1036 754 1079 780 se
1095 741 1164 794 jus
1186 755 1303 779 suum
1326 741 1515 794 persequi
1537 740 1637 780 velle
1651 739 1671 780 i.
1722 741 1826 780 Pro-

317 799 451 839 fertur
474 813 541 838 res
567 797 609 837 in
636 796 848 850 judicium,
872 800 914 836 et
935 796 1101 850 utrique
1130 796 1384 850 litigantium
1412 796 1522 849 parti
1544 796 1761 848 συνήγορον
1782 811 1825 837 se

317 856 492 909 praebet
511 854 829 901 Demosthenes,
853 852 1007 906 scripta
1035 853 1076 892 in
1106 853 1284 907 gratiam
1308 852 1552 906 Apollodori
1582 853 1826 893 accusatione

317 912 514 951 adversus
534 909 851 949 Phormionem:
885 923 961 962 pro
985 909 1238 949 Phormione
1259 914 1401 949 autem
1421 908 1696 949 accusationis
1718 908 1825 948 illius

316 967 540 1021 enguizone,
563 968 812 1020 παραγραφῇ.
872 966 1016 1018 Atque
1037 965 1138 1005 haec
1160 970 1224 1005 est
1246 965 1328 1013 illa,
1349 979 1454 1019 quae
1485 965 1689 1018 hodieque
1717 964 1827 1005 iuter

318 1022 614 1063 Demosthenis
645 1036 772 1076 opera
803 1026 992 1075 superest
1022 1021 1259 1073 παραγραφὴ
1288 1023 1383 1072 ὑπὲρ
1410 1022 1658 1071 Φορμίωνος;
1692 1020 1826 1061 altera

318 1080 386 1120 illa
416 1094 491 1134 pro
514 1079 772 1132 Apollodoro
800 1079 894 1128 πρὸς
915 1079 1123 1128 Φορμίωνα
1148 1077 1282 1117 oratio
1312 1077 1448 1130 periit,
1471 1077 1544 1116 sed
1574 1077 1827 1117 mentionem

317 1136 405 1190 ejus
442 1135 621 1176 servavit
658 1134 907 1174 Plutarchus
942 1133 1032 1173 loco
1070 1148 1196 1186 supra
1231 1133 1357 1173 allato
1373 1133 1418 1176 k:
1467 1148 1542 1173 nec
1583 1132 1704 1171 nimis
1738 1133 1826 1186 ejus

312 1192 483 1245 jactura
513 1191 690 1230 dolenda
716 1190 892 1237 videtur,
920 1204 1013 1229 cum
1042 1189 1235 1229 credibile
1267 1189 1321 1229 sit
1354 1189 1552 1242 pleraque
1576 1193 1826 1243 argumenta

317 1252 463 1288 contra
496 1246 792 1286 Phormionem
826 1245 954 1286 allata
987 1250 1134 1299 postea
1169 1245 1210 1284 in
1250 1245 1456 1285 actionem
1492 1245 1532 1284 in
1566 1244 1827 1298 Stephanum

316 1304 524 1344 translata
555 1317 656 1343 esse.
718 1302 797 1342 Est·
827 1306 980 1350 autem,
1004 1302 1115 1354 quod
1146 1302 1283 1341 obiter
1313 1301 1575 1350 monendum,
1598 1300 1667 1341 illa
1696 1302 1827 1354 probe

317 1360 611 1414 distinguenda
641 1359 694 1398 ab
724 1358 806 1398 alia
835 1357 1127 1398 Demosthenis
1158 1357 1347 1398 oratione
1378 1357 1473 1409 πρὸς
1494 1358 1702 1408 Φορμίωνα
1731 1358 1826 1409 ὑπὲρ

317 1418 483 1462 δανείου,
508 1430 614 1469 quae
635 1414 840 1468 hodieque
861 1419 1052 1468 superest
1066 1413 1088 1454 ¹.

376 1472 425 1512 In
453 1472 521 1512 illa
542 1472 681 1525 igitur,
706 1485 831 1524 quam
858 1470 1049 1519 diximus,
1071 1472 1309 1522 παραγραφῇ
1330 1471 1426 1521 ’ὑπὲρ
1448 1470 1685 1520 Φορμίωνος,
1707 1483 1828 1509 accu-

316 1528 446 1569 satori
483 1532 626 1568 orator
658 1527 833 1581 opponit
867 1542 944 1580 pro
979 1526 1128 1566 cliente
1163 1526 1419 1580 exemptionem
1450 1527 1510 1566 rei
1541 1530 1762 1565 transactae
1794 1531 1828 1566 ct

312 1585 597 1638 praescriptae,
632 1583 896 1637 exceptiones
928 1583 1072 1636 itaque
1099 1583 1372 1635 peremtorias,
1406 1582 1478 1634 οὐχ
1509 1581 1555 1621 ἵν’
1583 1583 1828 1633 ἐκκρούοντες

316 1642 481 1693 χρόνους
512 1642 741 1691 ἐμποιῶμεν,
774 1644 821 1679 ut
853 1639 914 1679 ait
928 1646 966 1686 ¹¹¹,
997 1653 1102 1692 quae
1133 1639 1346 1678 dilatoriae
1374 1638 1495 1691 vulgo
1529 1637 1747 1677 dicuntur:
1785 1641 1828 1677 et

317 1700 459 1736 tamen
481 1703 627 1736 rectam
648 1709 811 1749 quoque
825 1695 1030 1748 judiciam
1050 1694 1206 1748 attigit,
1230 1694 1453 1734 ostendens
1474 1708 1660 1733 mensam
1680 1707 1826 1747 argen-

317 1753 470 1792 tariam
498 1767 581 1792 non
606 1751 801 1791 habuisse
831 1751 1080 1805 peculiarem
1109 1750 1327 1804 pecuniam
1350 1749 1552 1797 Pasionis,
1579 1763 1627 1789 eo
1656 1749 1827 1789 consilio

317 1813 377 1856 ut,
406 1808 438 1847 si
469 1813 628 1848 rectam
655 1807 898 1861 Apollodori
930 1807 1138 1847 actionem
1173 1807 1379 1846 infirmam
1411 1820 1500 1845 esse
1534 1806 1746 1859 probaret,
1778 1819 1828 1846 eo

317 1865 406 1918 ipso
428 1864 617 1918 exceptio
643 1863 712 1904 illa
742 1864 833 1918 plus
861 1863 972 1916 apud
999 1863 1160 1916 judices
1181 1863 1348 1910 valeret,
1372 1876 1502 1915 eoque
1522 1861 1682 1902 facilius
1702 1876 1828 1915 appa-

317 1925 429 1961 reret
461 1920 756 1960 Phormionem
792 1919 931 1960 omnia
965 1919 1146 1973 legitime
1181 1919 1393 1973 possidere
1425 1923 1468 1958 et
1498 1931 1586 1958 sese
1616 1922 1665 1958 ut
1694 1917 1828 1958 virum

317 1978 495 2030 probum
515 1976 690 2030 gessisse
705 1985 737 2015 ¹¹.

377 2033 625 2083 Παραγραφὴ
652 2033 745 2085 juro
766 2032 913 2072 Attico
941 2032 1159 2072 dicebatur
1186 2031 1362 2085 acceptio,
1385 2034 1500 2070 recto
1524 2029 1679 2084 judicio
1701 2044 1827 2083 oppo-

318 2089 422 2128 sita:
461 2088 549 2141 ejus
579 2088 755 2128 formula
788 2092 879 2128 erat
908 2088 1213 2139 παραγράφομαι
1244 2089 1312 2137 τὴν
1344 2089 1450 2136 δίκην
1479 2087 1530 2136 μὴ
1568 2087 1828 2137 εἰσαγώγιμον

319 2144 473 2190 <tuam
510 2148 638 2197 atque
659 2144 794 2185 varias
816 2145 868 2184 ob
892 2158 1061 2184 caussas
1082 2144 1216 2184 locum
1238 2143 1391 2183 habere
1412 2146 1591 2196 poterat,
1614 2141 1656 2180 in
1679 2141 1827 2194 quibus

361 2268 380 2290 g
404 2263 567 2293 Demosth.
590 2264 703 2294 ibidem
731 2276 759 2302 p.
782 2273 856 2305 952,
877 2274 925 2295 22.
946 2277 1039 2305 παρε-

1107 2266 1255 2295 nificatur
1275 2274 1369 2303 quam
1393 2265 1474 2294 duae
1498 2269 1606 2293 contra
1630 2263 1827 2302 Stephanum

318 2304 502 2340 ληλυθότων
519 2307 596 2336 ἐτῶν
612 2305 709 2336 πλέον
725 2307 743 2342 ἢ
760 2308 868 2336 εἴκοσι.

1106 2308 1273 2343 oratione&
1291 2317 1370 2345 quae
1392 2316 1457 2335 non
1481 2306 1581 2335 solum
1603 2312 1712 2335 contra
1728 2306 1825 2342 hunc,

362 2346 380 2368 ¹¹
405 2348 454 2377 Cf.
473 2349 551 2387 Arg.
572 2349 663 2378 Orat.
682 2359 738 2387 pro
758 2349 886 2378 Phorm.
911 2361 940 2389 p.
965 2359 1038 2387 044.

319 2389 460 2428 ἀφορμὴν
490 2389 522 2419 δὲ
554 2391 581 2420 οἱ
604 2391 741 2420 Ἀττικοὶ
772 2393 933 2428 καλοῦσιν,
966 2392 1039 2431 ὅπερ

319 2431 406 2468 ἡμεῖς
423 2431 564 2468 ἐνθήκην.

363 2473 370 2496 i
396 2474 559 2505 Demosth.
584 2475 616 2503 in
643 2475 749 2513 Steph.
774 2475 800 2505 I.
826 2487 854 2514 p.
872 2486 961 2506 1102.
986 2476 1039 2505 ubi

319 2516 530 2555 Apollodorus
546 2518 584 2547 (le
603 2517 801 2553 Phormione,
820 2518 923 2553 ἐπειδὴ
942 2519 1040 2548 ποιεῖν

319 2570 356 2588 τε
382 2558 469 2588 οὐδὲν
493 2558 571 2596 ᾦετο
599 2560 661 2589 δεῖν
683 2557 723 2589 ὧν
746 2560 820 2590 τότε
843 2559 1037 2598 ὡμολόγησε.

319 2611 336 2632 e
349 2602 462 2640 quibus
478 2609 583 2640 patere
599 2602 725 2631 videtur
737 2613 845 2633 revera
857 2604 1040 2633 transactio-

320 2654 392 2673 nem
409 2644 545 2682 aliquam
559 2644 780 2675 Phormionem
797 2645 880 2676 inter
895 2652 926 2675 et
941 2645 1038 2684 Apol-

319 2685 463 2716 lodorum
479 2686 580 2716 locum
597 2687 752 2724 habuisse,
769 2688 911 2726 quamvis
931 2688 961 2717 id
985 2698 1038 2717 ne-

319 2735 372 2767 get
395 2728 604 2767 Apollodorus
629 2730 661 2758 iu
685 2730 886 2768 sequentibus
910 2740 937 2769 p.
960 2739 1037 2768 1103

320 2777 350 2800 et
367 2779 398 2799 11
410 2780 457 2808 13.

364 2813 382 2836 k
407 2813 514 2851 [Hanc
543 2814 716 2844 orationem
751 2825 915 2854 nunquam
944 2814 1039 2844 exsti-

320 2854 394 2884 tisse
410 2861 501 2893 puto:
526 2856 666 2886 Beelsius
681 2856 762 2887 male
776 2857 931 2888 intellexit
946 2858 1041 2887 verba

322 2896 484 2927 Plutarchi
509 2897 582 2928 τοὺς
607 2898 681 2937 πρὸς
708 2898 865 2937 Φορμίωνα
889 2899 937 2929 καὶ
963 2897 1039 2930 Στέ-

322 2944 418 2976 φανον
438 2938 563 2978 λόγους,
573 2942 685 2979 quibus
711 2941 790 2971 nihil
813 2942 947 2981 amplius
977 2942 1038 2981 sig-

1107 2351 1159 2379 sed
1187 2351 1281 2379 etiam
1308 2356 1416 2378 contra
1445 2349 1668 2377 Phormionem
1695 2349 1827 2387 scriptae

1107 2398 1182 2422 suut
1204 2391 1280 2421 salso
1303 2391 1453 2430 Stephani
1475 2391 1654 2421 testimonio
1677 2401 1771 2420 usum
1792 2391 1826 2419 in

1107 2445 1215 2465 caussa
1230 2440 1337 2463 contra
1355 2433 1583 2472 Apollodorum
1604 2440 1682 2463 acta.
1722 2434 1827 2463 Verba

1106 2484 1211 2506 autem
1228 2477 1301 2514 πρὸς
1317 2476 1473 2514 Φορμίωνα
1492 2476 1680 2505 Plutarchus
1698 2475 1826 2514 majoris

1107 2519 1334 2558 perspicuitatis
1346 2529 1454 2548 caussa
1466 2519 1596 2554 addidit,
1610 2518 1758 2556 quoniam
1770 2518 1826 2547 has

1106 2568 1215 2591 contra
1232 2561 1427 2600 Stephanum
1444 2561 1599 2590 orationes
1616 2560 1749 2590 orationi
1768 2570 1826 2597 pro

1109 2604 1299 2633 Phormione
1322 2603 1447 2633 habitae
1468 2603 1563 2641 (quae
1586 2609 1632 2632 est
1654 2603 1738 2632 inter
1760 2602 1825 2631 De-

1106 2646 1313 2675 mosthenicas
1327 2645 1649 2685 XXXVI.)0pponit.
1671 2645 1710 2674 G.
1725 2644 1826 2674 DIN-

1107 2689 1255 2726 DORF]

1151 2731 1160 2754 1
1186 2731 1221 2759 P.
1239 2738 1298 2770 905
1317 2741 1380 2769 sqq.
1434 2730 1586 2759 Diversus
1609 2729 1683 2759 item
1707 2734 1752 2759 est
1775 2728 1826 2759 ille

1109 2773 1258 2803 Phormio
1274 2774 1312 2802 ab
1328 2783 1373 2811 eo,
1389 2773 1427 2802 de
1442 2783 1503 2811 quo
1520 2782 1604 2801 nunc
1620 2772 1754 2810 agimus.

1149 2820 1178 2837 m
1203 2815 1366 2845 Demosth.
1384 2825 1440 2853 pro
1457 2815 1585 2844 Phorm.
1604 2824 1631 2852 p.
1651 2823 1724 2853 944.

1149 2863 1168 2879 ¹¹
1185 2858 1259 2887 Vid.
1275 2858 1412 2895 Argum.
1430 2857 1520 2887 Orat.
1537 2866 1592 2895 pro
1610 2856 1738 2885 Phorm.

1150 2905 1167 2922 0
1191 2900 1353 2929 Demosth.
1371 2909 1428 2938 pro
1446 2899 1573 2929 Phorm.
1592 2909 1620 2938 p.
1638 2906 1710 2937 951,
1726 2905 1776 2936 25.
