1935 3200
960 628 1122 673 LXII.

773 764 1303 816 PROOEMIA.

847 938 1215 964 ..ψ-

334 1076 547 1116 ΡηοοΕΜῐΑ
564 1092 639 1131 pro
656 1077 932 1131 supposititiis
947 1079 1107 1119 habent
1124 1078 1359 1119 Boeckhius
1380 1078 1445 1130 (de
1461 1076 1611 1118 Oeeon.
1628 1079 1783 1119 Athen.

274 1132 350 1172 vol.
377 1146 412 1172 1.
435 1148 474 1186 p.
502 1145 593 1186 239.
617 1134 694 1173 vol.
720 1147 755 1175 2.
787 1149 825 1188 p.
843 1148 923 1187 417
949 1137 1005 1186 a.)
1031 1140 1073 1175 et
1095 1135 1324 1175 Bekkerus.
1357 1134 1455 1174 Alia
1477 1135 1685 1175 sententia
1705 1135 1784 1176 fuit

275 1188 453 1228 Fabricii
485 1189 592 1228 Bibl.
617 1190 689 1228 Gr.
715 1203 750 1238 2,
777 1192 840 1231 26.
872 1191 949 1230 vol.
978 1205 1012 1230 1.
1044 1206 1082 1244 p.
1107 1192 1201 1231 868.
1233 1191 1334 1230 edit.
1366 1205 1426 1243 pr.
1452 1195 1474 1211 ‘³
1495 1189 1705 1231 Exordia”
1725 1191 1785 1231 in-

274 1244 487 1297 quit—“a
513 1245 795 1285 Demosthene
824 1261 898 1300 per
925 1246 1057 1286 otium
1087 1247 1316 1295 elaborata,
1346 1246 1495 1300 quibus
1525 1246 1568 1285 in
1596 1251 1783 1300 tempore

273 1302 505 1340 uteretur.”
549 1301 625 1352 (V.
646 1302 699 1341 ad
722 1317 760 1355 p.
790 1316 911 1356 1443,
934 1304 1016 1353 11.)
1066 1303 1210 1357 Neque
1230 1302 1412 1343 absurda
1433 1301 1624 1342 videatur
1644 1303 1783 1356 opinio

273 1356 522 1410 suspicantis
552 1357 657 1397 hanc
690 1358 871 1412 syllogen
902 1361 945 1410 (a
972 1358 1192 1407 Technieo,
1222 1358 1380 1413 opinor,
1409 1359 1668 1407 contextam)
1700 1373 1783 1399 non

272 1412 359 1452 sola
380 1419 759 1466 progymnasmata,
783 1415 855 1454 sed
876 1415 1005 1455 etiam
1027 1415 1339 1469 deperditarum
1360 1414 1530 1454 exordia
1547 1414 1783 1454 orationum

273 1469 501 1522 complecti.
567 1469 649 1509 Sed
679 1484 766 1510 rem
797 1475 1007 1524 utcunque
1029 1471 1336 1524 disceptaveris,
1359 1470 1460 1510 mihi
1483 1470 1649 1523 quidem
1678 1470 1781 1511 haec

273 1524 495 1565 Prooemia
521 1525 628 1565 lectu
652 1526 892 1580 dignissima
908 1527 1127 1567 videntur:
1160 1531 1329 1568 tantum
1356 1526 1466 1565 enim
1493 1527 1613 1566 abest
1643 1531 1692 1566 ut
1721 1541 1782 1567 re-

271 1581 439 1621 doleant
460 1582 649 1622 umbram
671 1583 852 1623 rhetoris
873 1583 1049 1632 obscuri,
1074 1588 1122 1623 ut
1149 1584 1346 1637 pleraque
1367 1597 1412 1622 os
1440 1582 1624 1622 referant
1645 1582 1781 1622 vivum

271 1637 419 1676 summi
442 1638 633 1677 oratoris.
659 1640 918 1679 SCHAEF.
962 1640 1180 1680 Dobraeus
1203 1645 1226 1661 “
1241 1639 1343 1679 satis
1363 1638 1463 1678 mihi
1486 1638 1617 1691 liquet
1638 1639 1780 1691 spuria

271 1707 359 1732 esse
389 1694 621 1742 Prooemia,
646 1695 834 1748 sophista
863 1700 1004 1736 tamen
1035 1710 1117 1735 non
1145 1696 1205 1736 ita
1232 1694 1363 1748 inepti
1390 1694 1562 1734 lusum.”
1622 1694 1779 1735 Contra

270 1748 476 1789 immerito
494 1764 542 1789 ea
564 1750 837 1791 Demostheni
860 1752 1088 1805 abjudicari
1111 1757 1252 1792 censet
1274 1751 1548 1791 Schoemann.
1570 1750 1621 1789 de
1638 1750 1776 1791 comit.

270 1819 309 1857 p.
331 1818 386 1858 30
388 1816 427 1859 5.
477 1806 589 1845 Nihil
611 1806 652 1845 in
674 1807 738 1846 his
761 1808 992 1847 Prooemiis
1014 1813 1077 1848 est
1099 1808 1210 1861 quod
1231 1821 1314 1847 non
1335 1807 1397 1847 vel
1418 1808 1471 1847 ab
1495 1807 1778 1847 Demosthene

270 1860 359 1914 ipso
381 1862 505 1901 scribi
537 1863 722 1915 potuerit
744 1864 805 1903 vel
835 1864 888 1904 ab
917 1864 1007 1904 aliis
1036 1864 1222 1917 ejusdem
1249 1863 1402 1904 aetatis
1432 1862 1679 1910 oratoribus,
1703 1877 1777 1903 nec

270 1917 494 1971 quidquam
530 1933 699 1958 caussae
732 1924 796 1959 est
828 1934 901 1959 cur
934 1920 1260 1960 Demosthenem
1296 1919 1531 1972 hujusmodi
1565 1919 1777 1972 prooemia

268 1979 521 2026 praeparata
549 1975 741 2015 habuisse
762 1990 969 2030 negemuS,
993 1975 1132 2030 qualia
1160 1975 1305 2016 Cicero
1334 1990 1377 2014 se
1404 1974 1599 2014 habuisse
1632 1980 1777 2015 narrat

269 2028 309 2067 in
343 2030 477 2083 Epist.
502 2030 554 2070 ad
578 2031 771 2071 Atticum
794 2034 855 2080 16,
880 2035 917 2071 6.
943 2031 1131 2084 &Habeo
1152 2032 1328 2071 volmnen
1350 2030 1653 2084 prooemiormn.
1711 2031 1777 2071 Ex

267 2099 308 2123 eo
334 2085 471 2138 elae'ffere
500 2086 610 2133 soleo,
633 2102 752 2140 qimam
779 2088 944 2142 aliquod
973 2089 1208 2140 σύγγραμμα
1238 2087 1446 2139 instituis)
1482 2091 1524 2126 et
1556 2086 1775 2139 Antiphon

269 2139 462 2180 habuisse
500 2142 674 2187 videtur,
711 2144 826 2195 eujus
862 2145 1045 2195 προοίμια
1082 2145 1143 2183 καὶ
1184 2144 1362 2194 ἐπίλογοι
1401 2147 1687 2182 memorantur
1721 2143 1775 2182 ab

270 2196 399 2236 Suida
436 2212 466 2236 s.
504 2212 539 2236 v.
585 2198 674 2247 ἅμα,
713 2199 923 2239 αἰσθέσθαι
962 2205 1005 2239 et
1042 2201 1249 2251 μοχθηρός.
1311 2198 1639 2238 Denlosthenissa
1679 2212 1775 2238 vero

268 2256 408 2291 utrum
439 2252 540 2292 talia
568 2253 793 2293 habeamus
815 2255 953 2307 qualia
981 2260 1124 2294 orator
1151 2255 1192 2293 in
1220 2254 1381 2293 schedis
1409 2253 1492 2292 suis
1519 2253 1697 2306 reliquit,
1720 2268 1774 2294 an

267 2308 321 2347 ab
352 2308 518 2347 rhetore
551 2309 689 2361 aliquo
723 2324 772 2348 ex
806 2310 1224 2350 Demosthenicarum
1253 2309 1509 2362 aliarumque
1538 2309 1773 2349 orationum

268 2364 461 2411 exordiis,
484 2365 606 2403 modo
638 2364 812 2404 servatis
833 2366 956 2405 modo
986 2365 1161 2405 mutatis
1193 2370 1406 2405 oratorum
1438 2364 1588 2412 verbis,
1609 2379 1773 2418 compo-

267 2419 348 2459 sita
369 2419 464 2467 sint,
488 2434 569 2459 non
600 2425 701 2473 puto
722 2421 774 2460 ad
800 2421 1000 2474 liquidum
1030 2421 1199 2473 perduci
1230 2435 1362 2473 posse,
1386 2420 1464 2460 etsi
1489 2435 1572 2459 non
1594 2420 1775 2461 diffiteor

265 2475 440 2515 alteram
462 2476 713 2516 sententiam
735 2476 835 2516 mihi
856 2477 1178 2530 probabiliorem
1200 2476 1327 2516 videri
1345 2491 1469 2529 quam
1491 2476 1684 2530 priorem.

328 2629 448 2677 ¹418,
475 2642 508 2667 1.
545 2630 592 2667 Εἰ
611 2629 682 2678 μὲν
703 2628 790 2678 περὶ
817 2627 1020 2680 καινοῦ-]
1055 2627 1227 2668 Initium
1248 2628 1372 2681 hujus
1393 2628 1550 2668 exordii
1572 2628 1656 2668 fere
1678 2643 1771 2668 con-

266 2683 377 2722 venit
398 2698 491 2722 cum
512 2683 682 2723 exordio
702 2684 859 2737 primae
882 2683 1151 2737 Philippicae.
1180 2683 1371 2723 WOLF.
1424 2684 1571 2724 Eidem
1592 2684 1771 2724 orationi

264 2738 345 2778 alia
376 2739 571 2779 nonnulla
602 2739 749 2779 horum
779 2739 1084 2793 prooemiorum
1115 2744 1216 2793 apta
1247 2754 1336 2779 esse
1367 2739 1603 2780 observavit
1638 2739 1770 2780 Boeh-

265 2794 433 2834 neekius
456 2795 625 2845 Quaest.
648 2796 725 2835 vol.
755 2809 787 2835 1.
822 2811 862 2849 p.
885 2808 975 2848 193.
1038 2795 1145 2835 Sunt
1167 2810 1216 2835 ea
1236 2796 1362 2836 haec:
1399 2809 1462 2837 21.
1497 2811 1535 2849 p.
1558 2808 1678 2848 1431,
1703 2807 1767 2835 21.

267 2850 374 2900 (coll.
408 2865 446 2903 p.
468 2864 586 2903 1432,
611 2851 647 2890 8.
680 2866 773 2890 eum
796 2851 977 2905 Philipp.
1005 2863 1036 2889 1.
1061 2864 1183 2904 p.50.
1204 2855 1248 2892 et
1268 2866 1309 2905 p.
1329 2864 1450 2904 1432,
1476 2861 1539 2905 25.
1572 2852 1617 2891 οὗ
1637 2853 1710 2902 γὰρ
1734 2854 1769 2890 οὶ

264 2906 585 2958 ταχὺ-σχοῖμευ
612 2907 659 2947 ἂν
691 2912 810 2949 κακῶς
840 2921 932 2947 cum
966 2906 1143 2960 Philipp.
1175 2921 1205 2946 1.
1241 2922 1280 2960 p.
1301 2921 1368 2958 44,
1392 2908 1450 2957 6.)
1483 2919 1547 2959 23.
1585 2921 1623 2960 p.
1648 2919 1765 2960 1433,
