1956 3236
499 140 816 180 ADVERSUS
849 139 1178 179 ‹›Nl·2'1'‹)lzl‹331
1219 140 1247 178 l.
1522 140 1625 181 1091

116 247 364 300 stophancin
389 245 573 298 aliosque
595 245 821 298 scriptores
847 244 1013 284 Atticos
1035 243 1306 283 obliteratum
1332 242 1458 282 videri
1484 242 1569 281 dixi
1592 242 1631 281 in

118 303 332 342 Thesauro
355 301 558 356 Stephani
581 302 658 341 vol.
685 305 723 341 6.
748 316 785 354 p.
811 304 927 340 1068.
993 301 1038 339 111
1065 300 1153 339 loco
1182 299 1302 339 lexin-i
1332 298 1526 338 rhetorici
1552 312 1631 337 non

116 360 340 406 πιθακνίων,
363 358 435 398 sed
457 361 652 398 πιθακνῶν
674 372 813 397 verum
836 363 910 397 cst.

176 417 269 467 871,
295 428 358 466 24.
381 416 518 467 τούτῳ]
558 414 746 453 Onetori.

176 473 270 523 871,
301 472 362 511 26.
397 470 1062 523 ἀπετιμήσατο-ἰιποτετιμηκότα]
1115 468 1275 508 Eadem
1317 466 1633 521 significationis

118 527 351 567 differentia
378 527 487 566 inter
507 526 688 567 activum
711 531 752 566 ct
774 526 955 565 medium
978 540 1083 579 quac
1106 525 1214 564 inter
1234 524 1458 563 ὑποτιθέναι
1480 530 1521 563 et
1544 525 1634 562 ὐπο-

117 585 306 623 τίθεσθαι.
354 583 409 622 V.
436 583 592 622 Anecd.
621 582 748 621 Bokk.
772 597 812 636 p.
835 592 934 634 437,
960 595 1023 634 23.
1068 581 1327 621 SCIIAEF.

177 641 270 692 872,
290 640 329 679 6.
352 638 453 679 ταῦτ’
473 640 543 691 οὐχ
567 639 860 689 ὁμολογουμένη
882 638 1105 688 προστασία
1120 638 1148 691 ;]
1182 637 1297 677 citat
1323 635 1633 689 Harpocration

118 710 149 735 s.
167 710 203 735 v.
226 696 461 746 προστασία,
484 695 631 735 addita
653 694 1025 747 interpretationez
1059 695 1144 733 ἀντὶ
1166 697 1232 732 τοῦ
1253 692 1428 742 βοήθεια.
1452 699 1635 742 προϊστα-

118 752 236 801 μένου
272 752 375 793 τινὸς
412 752 472 791 καὶ
509 754 802 802 ἐπικουροῦντος
837 753 887 804 τῷ
926 749 1176 803 ἀδικουμένῳ.
1244 749 1435 788 Debebat
1472 749 1523 801 τῷ
1557 749 1635 787 ἀδι-

119 811 258 848 κοῦντι.
303 809 564 847 SCHAEF.

178 865 274 917 872,
295 878 356 904 10.
379 865 401 914 ἡ
424 866 463 904 δὲ
493 865 662 915 γεωργία
690 862 968 916 ἐξεσκευάσθη]
1000 865 1047 902 τὰ
1071 863 1111 901 ἐκ
1133 863 1197 910 τῆς
1218 862 1408 913 γεωργίας
1429 858 1538 899 πάντ’
1559 861 1636 909 ἐξε-

120 925 274 972 νεγκεῖν
290 935 325 960 v.
351 933 387 961 2.
432 921 495 959 SC
505 921 691 959 HAEF.

178 978 274 1029 872,
295 978 357 1016 16.
381 976 611 1029 ἐποιήσατο]
648 975 843 1023 Dubium,
867 975 923 1014 ad
943 974 1159 1014 mulierem
1186 987 1240 1014 an
1268 973 1322 1013 ad
1348 972 1519 1012 fratrem
1548 971 1637 1025 ejus

119 1033 338 1073 referatur.
401 1032 443 1072 Si
466 1032 674 1086 posterius
696 1037 771 1080 cst,
795 1031 912 1071 reddi
934 1031 1059 1070 debet
1074 1030 1245 1083 finaeerit
1266 1033 1339 1069 aut
1361 1028 1561 1068 curaverit
1583 1027 1641 1067 ad

119 1089 341 1129 archontem
372 1089 520 1142 defo-ri
551 1095 587 1129 et
613 1087 662 1128 ab
693 1103 735 1127 eo
764 1093 898 1127 ratam
928 1087 1075 1127 haberi.
1109 1087 1310 1126 REISK.
1374 1085 1438 1125 De
1468 1084 1638 1124 muliere

120 1145 318 1199 intelligo.
362 1146 479 1186 Conf.
501 1160 538 1198 p.
564 1146 658 1198 873,
682 1158 720 1197 9.
765 1145 1027 1183 SCHAEF.

179 1203 273 1255 872,
292 1202 356 1243 28.
379 1203 539 1252 δάκρυσι
563 1199 727 1254 κλαίων]
763 1200 844 1239 Dio
862 1199 1030 1240 Cassius
1051 1212 1119 1252 59,
1141 1210 1205 1250 27.
1221 1198 1298 1238 vol.
1314 1211 1352 1251 3.
1370 1212 1408 1251 p.
1430 1208 1450 1249 7
1465 1210 1522 1236 10.
1537 1196 1637 1236 edit.

124 1259 259 1298 Sturz.
290 1257 451 1309 δάκρυσι
485 1258 673 1298 κλαύσας.
729 1257 791 1296 Dc
826 1256 1034 1295 locutione
1070 1255 1228 1306 δάκρυσι
1265 1255 1415 1294 κλαίειν
1442 1268 1477 1291 v.
1511 1252 1639 1293 etiam

122 1315 340 1368 interpret.
363 1315 416 1354 ad
439 1314 614 1367 Gregor.
638 1312 827 1353 Corinth.
848 1327 887 1365 p.
909 1313 1007 1366 583.
1054 1311 1362 1351 Demosthenes
1392 1325 1430 1363 p.
1454 1320 1550 1362 575,
1575 1322 1639 1349 11.

124 1373 272 1411 κλαίειν
300 1371 361 1410 καὶ
393 1371 582 1421 δακρύειν.
644 1370 746 1409 -Jalu
769 1369 903 1408 Poeta
926 1368 973 1408 Il.
1002 1369 1061 1416 18,
1085 1381 1181 1420 340.
1209 1368 1640 1416 κλαύσονται-δακρυ-

122 1427 299 1479 χέουσαι.
345 1426 457 1466 Vere
487 1426 705 1466 Danuuius
734 1425 825 1464 coll.
850 1425 997 1478 Odyss.
1022 1439 1058 1477 9,
1082 1425 1163 1474 469
1185 1440 1192 1463 :
1228 1427 1252 1444 ‘¹
1268 1423 1460 1476 Apparet
1493 1422 1641 1461 κλαίειν

122 1483 212 1523 fieri
240 1483 351 1523 clara
373 1497 487 1531 voce,
510 1481 720 1535 adjunctis
741 1481 876 1521 verbis
907 1480 1222 1525 miserabilibus,
1247 1484 1288 1519 et
1317 1478 1482 1518 differre
1513 1476 1642 1531 igitur

122 1539 164 1578 in
186 1554 229 1578 se
251 1554 276 1579 a
298 1540 487 1590 δακρύειν,
512 1543 558 1578 ut
580 1539 713 1591 majus
734 1552 758 1577 a
781 1537 971 1576 minori?
1006 1536 1264 1576 SCHAEF.

182 1596 276 1649 873,
296 1608 329 1634 1.
353 1595 509 1650 τούτου]
546 1594 671 1635 Redit
692 1594 746 1634 ad
767 1593 977 1633 ταλάντου.
1028 1593 1081 1631 V.
1104 1607 1143 1645 p.
1171 1592 1263 1644 878,
1291 1604 1356 1644 23.
1390 1590 1592 1629 REISK.

182 1652 278 1704 873,
304 1666 341 1704 9.
375 1650 557 1704 συνῴκει]
598 1650 765 1691 Scilicet
796 1651 888 1699 αὕτη
922 1650 944 1699 ἡ
977 1649 1087 1701 γυνὴ,
1117 1648 1228 1702 quod
1259 1646 1407 1687 statim
1438 1645 1640 1699 sequitur.

183 1764 277 1817 873,
298 1778 311 1803 1
327 1777 359 1803 Ι.
390 1765 482 1814 μίαν
502 1763 650 1814 ἡμέραν
671 1762 738 1802 οὐκ
764 1762 997 1817 ἐχήρευσεν]
1033 1761 1263 1814 Exspectes
1291 1759 1474 1809 οὐδεμίαν
1494 1758 1642 1808 ἡμέραν

125 1819 352 1872 ἐχήρευσεν.
415 1819 498 1859 Sed
523 1819 695 1873 vulgata
725 1823 789 1858 est
819 1817 1050 1858 sanissima.
1114 1816 1356 1869 Xenophon
1383 1815 1572 1854 Anabas.
1601 1827 1639 1865 5,

126 1878 163 1920 6,
184 1889 246 1918 12.
269 1877 319 1918 ὡς
341 1876 410 1916 ἕνα
430 1876 481 1925 μὴ
504 1876 808 1915 καταλείπεσθαι
831 1874 981 1913 ἐνθάδε.
1032 1872 1256 1926 Dionysius
1280 1870 1494 1911 Halicarn.
1515 1870 1569 1909 A.
1589 1869 1639 1909 R.

125 1932 179 1972 V.
201 1942 268 1986 57.
286 1932 363 1971 vol.
388 1945 425 1973 2.
448 1947 488 1985 p.
507 1932 588 1983 890
610 1931 660 1970 R.
684 1931 842 1979 οὐδεμία
863 1946 904 1969 τε
928 1928 1380 1977 κατελείπετο-ἔξοδος.
1421 1926 1520 1966 Cod.
1538 1926 1639 1965 Vat.

125 1989 194 2038 μία
225 2005 265 2028 τε
299 1989 342 2027 οὐ
376 1989 641 2028 κατελείπετο.
705 1986 795 2037 Quo
831 1985 955 2025 modo
991 1984 1255 2025 scribendum
1288 1997 1378 2022 esse
1412 1981 1552 2021 monui
1589 1981 1644 2021 ad

126 2045 310 2098 ejusdem
345 2044 496 2083 librum
527 2044 578 2083 de
604 2042 650 2083 O.
676 2042 730 2081 V.
757 2057 795 2095 p.
827 2053 934 2094 247..
972 2041 1043 2081 ubi
1079 2041 1242 2080 Rhetor
1276 2039 1421 2079 eadem
1458 2042 1645 2077 constru-

128 2100 291 2141 ctione:
333 2101 375 2139 ἐν
407 2104 503 2151 γοῦν
538 2103 622 2140 ταῖς
657 2099 862 2139 τοσαύταις
896 2098 1234 2149 γραφαῖς-μίαν
1266 2096 1333 2134 οὐκ
1370 2095 1418 2134 ἂν
1452 2095 1554 2145 εὕροι
1590 2110 1645 2135 τις

128 2157 279 2197 σελίδα.
343 2155 407 2196 De
428 2155 548 2195 simili
570 2169 715 2195 vocum
732 2153 965 2194 inversione
987 2154 1029 2193 in
1052 2152 1100 2193 ἔτ’
1120 2154 1187 2193 οὐκ
1203 2167 1239 2191 v.
1263 2156 1350 2191 not.
1373 2150 1428 2190 ad
1451 2149 1644 2202 Sophocl.

129 2212 325 2253 Trachin.
346 2214 436 2252 161.
459 2225 648 2266 quaeque
669 2210 855 2264 congessi
877 2209 918 2249 in
941 2210 998 2250 H.
1018 2208 1222 2263 Stephani
1245 2207 1368 2247 Thes,
1393 2222 1432 2261 p.
1459 2206 1569 2260 3889
1586 2206 1644 2244 A.

127 2269 192 2308 ed.
214 2268 345 2309 Lond.
389 2269 649 2308 SCHAEF.

188 2326 283 2379 873,
304 2337 368 2366 12.
400 2327 468 2364 νῦν
489 2326 532 2364 ἐν
552 2325 678 2375 τρισὶν
705 2323 851 2374 ἔτεσιν]
885 2321 1074 2362 Tertium
1104 2334 1212 2360 nunc
1240 2332 1395 2360 annum
1423 2317 1490 2371 agi
1523 2317 1645 2371 signi-

130 2381 229 2421 ficat
268 2381 321 2421 ab
363 2379 555 2429 divortio,
589 2380 701 2434 quod
739 2379 942 2419 archonte
984 2377 1223 2417 Timocrate
1261 2374 1443 2428 (Olymp.
1470 2386 1560 2423 104,
1588 2376 1642 2425 1.)

131 2438 290 2478 factum
311 2451 399 2477 esse
421 2436 585 2476 dixerat
606 2451 646 2490 p.
670 2436 765 2482 868,
788 2448 827 2488 3.

190 2494 286 2546 873,
305 2494 366 2532 18.
398 2494 555 2543 ταύτην]
593 2490 873 2532 Subauditur:
908 2503 1034 2542 quam
1058 2503 1130 2528 vos
1161 2487 1239 2541 ipsi
1270 2486 1402 2526 nostis
1433 2490 1508 2525 aut
1535 2485 1644 2524 vide-

132 2548 199 2589 tis.
232 2549 436 2589 REISK.
499 2548 615 2588 Idem
639 2546 861 2587 subaudias
882 2546 935 2586 ad
957 2546 1151 2594 τοσαύτην
1167 2559 1203 2583 v.
1228 2554 1291 2592 17.
1327 2542 1587 2582 SCHAEF.

191 2606 285 2658 873,
316 2618 380 2658 23.
417 2605 478 2644 ἐπὶ
508 2606 643 2644 τούτου
674 2606 741 2642 τοῦ
772 2601 981 2654 ἄρχοντος]
1017 2600 1318 2653 Nicophemum
1346 2597 1527 2651 (Olymp.
1552 2610 1643 2646 104,

131 2662 192 2712 4.)
216 2660 408 2714 designat
429 2665 504 2700 aut
528 2659 739 2699 Molonem
763 2658 1054 2711 (Olymp.104‚
1074 2658 1134 2710 3.)
1168 2655 1371 2695 REISK.
1434 2653 1528 2692 Hoc
1547 2665 1645 2704 quo-

132 2717 257 2757 modo
294 2716 486 2756 Reiskius
520 2713 824 2769 computaverit
859 2717 1035 2767 apparet
1071 2726 1121 2752 ex
1156 2715 1299 2751 annot.
1334 2713 1477 2748 nostra
1512 2707 1566 2747 ad
1602 2721 1641 2759 p.

135 2774 228 2824 873.
249 2786 262 2811 1
276 2786 311 2813 2.

193 2829 286 2880 874,
306 2842 340 2867 Ι.
363 2827 479 2881 αὐτῷ]
514 2828 706 2881 Aphobo.

193 2886 289 2935 874,
312 2897 374 2923 10.
397 2883 420 2933 ἢ
440 2883 631 2933 βασάνων
653 2883 712 2922 καὶ
732 2883 962 2933 μαρτυριῶν]
1001 2878 1199 2932 Vulgaris
1220 2874 1499 2937 constructio:
1532 2873 1554 2922 ἢ
1574 2873 1645 2922 βά-

136 2956 251 2980 σανοι
284 2940 344 2979 καὶ
374 2942 588 2990 μαρτυρίαι,
612 2938 766 2978 scilic-et
798 2939 909 2977 εἰσίν.
972 2937 1089 2975 Haec
1121 2947 1193 2986 per
1223 2938 1518 2972 attractionem
1548 2942 1644 2968 con-
