1935 3200
275 127 377 163 1466

273 228 477 262 Aristoteles
500 229 711 261 pallenensis
734 228 833 271 1083,
852 239 884 272 3.

273 275 479 313 Aristratus,
506 275 620 307 fautor
646 273 797 317 Philippi
821 273 914 316 apud
942 273 994 306 Si-

320 332 477 365 cyonem,
519 325 716 353 contemtus
758 331 777 352 a
819 319 992 363 Philippo,

321 377 424 410 opera
453 367 526 410 ejus
548 367 621 411 jam
649 365 731 399 satis
761 377 826 399 uso
857 376 934 407 242,
962 376 980 398 2

322 422 401 455 324,
425 423 477 456 13.

274 458 468 491 Aristratus
502 457 536 491 ἐν
563 458 674 503 Νάξῳ,
704 457 850 490 fortasse
877 463 996 502 tyran-

321 515 388 536 nus
406 504 466 543 ibi,
487 504 524 537 P.
544 504 586 536 A.
606 503 767 537 inimicus
787 514 866 547 294,
886 514 938 536 10.

275 549 483 589 Artabazus,
508 549 700 593 praefectus
727 549 855 594 Lydiae
881 555 913 582 et
940 548 995 581 Io-

322 595 409 635 niae,
435 597 490 629 cui
518 595 647 628 Chares
672 607 752 628 cum
777 595 996 627 mercenariis

322 641 591 675 Atheniensium
630 653 769 685 operam
810 647 914 673 navat
953 640 997 681 46

322 700 401 731 pen.
429 687 702 731 comprehensus
730 687 772 720 ab
796 686 997 730 Autophra-

324 733 404 767 data
431 733 509 778 671,
531 746 563 775 4.
590 745 712 766 rursus
741 732 905 765 dimissus
935 744 997 776 op—

324 786 457 824 pugnat
476 779 726 813 Charidemum
744 778 822 822 671‚
842 788 894 823 17.

277 826 474 865 Artemisia,
495 825 614 858 Cariae
636 825 786 864 domina,
810 825 996 857 Hecatom-

324 873 359 905 ni
381 872 449 905 filia
472 881 617 916 193,15.
642 882 716 915 197,
736 882 788 904 12.
811 871 886 914 198,
908 882 957 914 19.

276 918 514 956 Artemisium,
541 918 601 950 uhi
627 917 748 950 Graeci
778 917 908 960 proelio
937 928 996 949 na-

323 965 389 997 vali
408 976 487 997 cum
507 964 621 997 Persis
644 963 827 996 conflixere
847 971 924 1006 297,
945 973 996 1006 13.

329 1019 429 1055 Ι377»
449 1022 499 1054 19·
610 1056 615 1061 ‚

278 1056 434 1095 Artemo,
483 1056 665 1094 Phasehta,

326 1113 404 1146 924,
423 1114 456 1147 9.

278 1147 461 1181 Arthmius
511 1147 619 1180 Zelita
663 1147 805 1179 infamia
845 1152 996 1183 notatur,

325 1194 419 1238 quod
452 1205 577 1226 aurum
612 1192 790 1226 Medicum
825 1192 859 1224 in
891 1191 997 1224 Grae-

325 1241 410 1273 ciam
429 1239 614 1273 intulisset.
642 1238 847 1282 Psephisma
863 1238 899 1270 in
918 1249 998 1270 eum

325 1287 435 1319 latum
458 1297 532 1324 121,
554 1294 608 1329 27.
633 1285 712 1324 428,
734 1295 764 1316 2.

279 1332 438 1376 Arybbas
466 1343 484 1364 a
516 1331 673 1374 Philippo
703 1330 793 1364 bello
823 1330 997 1373 appetitus

330 1389 382 1422 13,
407 1388 438 1420 5.

279 1424 400 1457 Astius
435 1423 617 1466 (Ἀστεῖος)
659 1422 801 1456 Archon
834 1433 874 1465 13
880 1430 932 1466 37
966 1432 996 1454 2.

326 1482 395 1515 (1110
413 1475 567 1514 tempore
587 1470 614 1503 L
617 1468 850 1502 acedaemonii
869 1468 996 1501 bellum

326 1528 406 1549 cum
447 1516 575 1549 Athen.
619 1515 796 1559 gerebant,
830 1513 927 1552 illud,
963 1513 997 1545 ni

325 1563 436 1601 fallor,
467 1574 536 1606 quo
568 1561 736 1594 Chabrias
766 1560 877 1593 Pollin
906 1558 997 1602 apud

327 1600 469 1641 Naxum
503 1609 610 1640 classe
643 1607 777 1639 devicit.
821 1606 899 1638 luit
931 1605 997 1638 Αι-

327 1654 417 1687 chon
451 1659 526 1694 post
561 1652 784 1691 Socratidem,
813 1663 882 1696 quo
911 1657 997 1683 tem-

327 1712 409 1743 pore
442 1699 648 1732 Timotheus
687 1709 845 1731 caussam
879 1697 998 1740 capitis

328 1745 414 1779 dixit
431 1745 475 1778 ob
494 1757 567 1778 1010
585 1745 648 1777 adv
653 1756 749 1777 013113
771 1742 998 1776 Lacedaemo-

328 1792 403 1825 nios
418 1792 505 1824 10010
519 1797 650 1835 gestam
671 1801 768 1834 1190,
783 1800 837 1830 24.
854 1800 939 1822 1202

281 1837 437 1871 Athenae
461 1836 637 1882 quomodo
660 1835 842 1869 moenibus
866 1847 885 1867 a
907 1834 998 1868 ’1110-

327 1884 484 1917 mistocle
514 1888 628 1926 septae
658 1882 738 1921 sint,
769 1887 801 1914 et
831 1892 953 1914 rursus
981 1892 1000 1912 a

329 1929 485 1965 Conone,
512 1929 657 1961 vetustis
683 1927 865 1960 moenibus
890 1939 908 1959 a
933 1926 999 1970 Ly-

329 1975 456 2008 sandro
476 1975 614 2019 dejectis
633 1975 712 2018 478,
733 1983 786 2017 25.

281 2021 548 2054 Atheniensium
570 2020 783 2063 principatus
803 2019 964 2052 Graeciae
983 2030 1001 2051 a

327 2067 417 2100 bello
442 2067 522 2099 inde
549 2066 686 2099 Persico
716 2065 757 2098 ad
786 2065 1000 2108 Peloponne-

329 2113 473 2151 siacum,
508 2111 656 2145 ducibus
690 2110 854 2149 Aristide,
889 2110 999 2148 Nicia,

330 2158 469 2197 Pericle,
503 2158 587 2195 aliis
621 2157 732 2190 tenuit
770 2167 879 2189 annos
916 2168 1000 2200 qua-

329 2195 488 2247 draginta
506 2203 658 2247 quinque
672 2213 727 2245 33,
755 2211 787 2245 5.
814 2201 1000 2242 alibi(116,

331 2253 401 2291 21.)
433 2249 650 2292 septuaginta
679 2254 747 2280 tles
781 2246 861 2280 edit.
893 2247 1000 2280 Athe-

329 2295 464 2328 nienses
492 2306 607 2327 rerum
630 2304 799 2326 novarum
827 2292 1001 2325 auditione

330 2340 588 2374 delectabantur
606 2350 661 2382 43,
681 2338 712 2371 6.

286 2386 544 2424 Athenodorus
571 2384 804 2423 Atheniensis,
832 2384 866 2416 in
891 2383 1001 2416 ’11110-

329 2433 380 2466 cia
397 2438 510 2476 partes
528 2431 716 2464 liberorum
736 2429 909 2463 Berisadis
927 2435 1001 2462 tue-

329 2478 431 2512 batur
456 2477 573 2519 624,*
554 2501 587 2521 3.
622 2488 771 2520 quorum
805 2475 1000 2508 avunculus

329 2530 411 2557 erat.
455 2523 547 2557 Nam
588 2534 693 2566 penes
728 2521 928 2555 Berisadem
966 2520 1000 2553 in

328 2569 550 2603 matrimonio
573 2574 644 2602 erat
668 2579 765 2601 soror
786 2566 1002 2600 Athenodori

305 2615 413 2649 ibid.
441 2615 473 2648 6.
500 2615 573 2658 ejus
603 2626 656 2647 res
684 2625 765 2647 cum
794 2612 1002 2646 Charidemo

330 2668 363 2695 et
382 2661 607 2704 Cersoblepta
624 2666 739 2711 gestae
757 2659 836 2703 677,
854 2670 875 2703 9
894 2670 945 2703 sq.

283 2707 476 2741 Atrestidas
501 2706 622 2744 Arcas,
647 2706 759 2749 captiv
762 2716 863 2738 orum
886 2715 927 2737 ex
952 2704 1001 2737 0-

329 2753 451 2797 lyntho
475 2763 661 2785 numerum
679 2763 698 2784 a
718 2751 876 2794 Philippo
895 2749 1000 2783 dona-

329 2805 405 2832 tum
438 2799 473 2831 in
508 2797 692 2830 Arcadiam
732 2808 849 2830 secum
883 2806 1000 2839 agens,

331 2844 480 2877 occurrit
498 2843 674 2881 Aeschini,
692 2844 806 2885 legato
823 2842 865 2875 ad
884 2841 1001 2875 civita-

330 2895 380 2921 tes
421 2889 727 2932 Peloponnesiacas
769 2886 1001 2931 proficiscenti

333 2945 410 2977 43⁴).-
436 2945 467 2977 3-

719 1055 844 1087 Lacriti
894 1054 998 1087 frater

747 128 931 164 INDEX
966 126 1307 164 HISTORICUS

1062 227 1276 266 Atrometus,
1296 232 1390 271 pater
1408 226 1591 260 Aeschinis
1611 235 1688 271 270,
1708 238 1763 268 24.

1062 273 1240 312 Autocles,
1258 273 1444 316 imperator
1462 273 1580 306 0103313
1599 273 1732 305 Atticae
1745 273 1781 305 in

1109 319 1266 358 Thracia,
1286 319 1330 352 ob
1353 330 1408 351 res
1431 318 1479 351 ibi
1501 319 1590 351 male
1611 324 1724 362 gestas
1749 325 1782 351 et

1108 366 1306 409 neglectum
1333 364 1588 408 Miltocythem,
1625 364 1780 408 quamvis

1109 422 1148 444 ea
1171 412 1273 454 culpa
1298 416 1443 450 vacaret,
1469 411 1505 443 in
1525 409 1696 454 judicium
1722 421 1782 442 vo-

1110 463 1207 490 catus
1241 456 1321 500 655,
1349 467 1381 499 3.
1425 461 1584 489 revocato
1618 467 1635 488 e
1669 455 1782 488 Ponto

1111 514 1291 536 successor
1317 502 1466 535 mittitur
1493 502 1600 535 Meno
1629 512 1728 539 1210,
1747 502 1780 534 8.

1112 548 1180 581 Hic
1213 548 1305 581 idem
1339 559 1414 581 esse
1446 547 1583 581 videtur
1616 559 1694 580 cum
1724 546 1782 580 illo

1109 595 1268 633 Autocle‚
1293 605 1396 638 quem
1419 593 1666 637 Apollodorus,
1687 593 1781 625 Pasi-

1110 640 1185 673 onis
1204 640 1306 679 filius,
1321 640 1511 673 orationem
1527 645 1781 672 commentante

1112 686 1361 725 Demosthene,
1402 697 1489 730 quae
1530 685 1637 718 oratio
1676 684 1781 717 hodie

1110 733 1206 764 nulla
1229 738 1396 775 3111101031,
1415 731 1590 764 accusavit
1608 729 1734 775 961,1.

1064 778 1287 811 Automedon
1305 783 1473 821 tylannus
1493 777 1644 810 Eretriae
1662 788 1681 809 a
1699 775 1780 809 Phi-

1110 824 1204 867 lippo
1223 824 1432 857 constitutus
1455 831 1531 866 125,
1552 832 1606 867 27.

1065 869 1303 908 Automedon,
1325 869 1562 907 Atheniensis,
1582 867 1782 912 psephisma

1110 916 1175 948 fert
1193 915 1234 948 de
1251 915 1413 948 Tenediis
1436 926 1534 958 1333,
1554 926 1607 948 12.

1063 961 1300 1000 Autonomus,
1324 961 1437 994 scriba
1459 960 1658 994 Antimachi
1680 959 1780 993 1186.

1110 1019 1189 1051 pen.

1064 1053 1344 1097 Autophradates
1384 1052 1645 1096 comprehendit
1678 1052 1780 1084 Arta-

1111 1099 1247 1139 bazum,
1284 1099 1411 1143 Lydiae
1444 1105 1477 1132 et
1512 1098 1629 1131 Ioniae
1665 1097 1780 1130 Satra-

1110 1157 1201 1188 pam,
1221 1145 1281 1179 sed
1299 1157 1420 1178 rursus
1445 1156 1524 1178 eum
1544 1144 1685 1177 dimittit
1702 1143 1780 1187 671.

1066 1190 1249 1230 Βο00111113,
1268 1191 1373 1224 1101110
1407 1190 1577 1224 obscurus
1607 1202 1624 1223 e
1654 1189 1783 1222 familia

1113 1236 1266 1270 Cononis
1289 1236 1386 1281 1269,
1406 1246 1426 1279 5

1066 1282 1213 1316 Bastira.
1241 1295 1273 1316 v.
1293 1283 1457 1316 BIastira.

1067 1328 1271 1373 Bafflippus,
1305 1330 1416 1372 legem
1459 1328 1612 1372 Leptinis
1645 1339 1780 1371 oppug-

1111 1387 1192 1408 nare
1219 1386 1415 1419 aggressus,
1446 1385 1517 1407 non
1544 1374 1654 1407 fuerat
1681 1384 1781 1416 coep-

1110 1427 1184 1454 tum
1212 1428 1425 1464 persecutus,
1453 1432 1513 1453 seu
1540 1419 1686 1463 pecunia
1710 1420 1782 1463 pla-

1111 1473 1221 1506 catus,
1256 1478 1317 1500 3011
1356 1465 1552 1500 valetudine
1586 1464 1784 1509 impeditus,

1112 1525 1173 1546 seu
1190 1513 1260 1546 fato
1278 1513 1525 1546 interveniente
1542 1520 1621 1555 451.
1646 1523 1781 1554 argum.

1138 1568 1243 1602 .453,
1263 1570 1314 1599 14
1334 1569 1412 1600 501,
1430 1559 1458 1591 8.
1478 1570 1510 1591 v.
1530 1558 1727 1609 Apsephsio.

1067 1562 1261 1650 Bathyllus,
1285 1605 1374 1638 filius
1394 1604 1472 1648 Pol)
1471 1605 1565 1637 alati
1587 1614 1685 1647 1009,
1706 1602 1759 1636 26.

1068 1644 1260 1689 Betis-ides,
1280 1650 1480 1694 Βηρισάδης,
1508 1650 1648 1693 regulus
1673 1649 1782 1681 Thra-

1113 1697 1182 1730 0100
1208 1697 1260 1729 vel
1287 1696 1387 1729 Ponti
1415 1696 1492 1737 624,
1515 1707 1528 1728 1
1554 1707 1604 1746 sq
1631 1694 1783 1727 foedera-

1112 1749 1169 1776 tus
1195 1742 1322 1775 Athen.
1348 1741 1431 1775 ibid.
1464 1741 1605 1775 remittit
1630 1740 1784 1784 negotia-

1112 1789 1246 1822 toribus
1271 1788 1417 1831 vectigal
1441 1787 1606 1821 frumenti
1630 1786 1783 1819 Athenas

1113 1833 1329 1868 convehendi
1346 1842 1424 1878 917,
1445 1845 1498 1875 24.
1525 1833 1586 1866 ubi
1607 1838 1785 1865 exaratum

1113 1881 1282 1924 leperitur
1310 1879 1376 1913 hoc
1403 1890 1531 1912 nomen
1559 1879 1784 1921 Παρεισάδης.

1113 1927 1221 1968 gessit
1238 1938 1318 1959 cum
1338 1925 1404 1970 Scy
1407 1925 1466 1958 tha
1481 1925 1612 1958 bellurn
1630 1935 1708 1968 909,
1729 1935 1783 1956 22.

1115 1972 1304 2005 Berisaden
1327 1973 1381 2005 101
1404 1970 1590 2004 Parisaden
1615 1970 1651 2003 in
1677 1981 1785 2021 regno

1116 2018 1217 2051 Ponti
1251 2018 1347 2051 fratri
1379 2016 1543 2061 Spartaco
1578 2016 1786 2049 successisse

1114 2064 1218 2097 tradit
1237 2063 1413 2096 Diodorus
1431 2062 1474 2096 ad
1492 2073 1623 2095 annum
1642 2061 1784 2104 Olymp.

1118 2115 1663 2154 107.(1110111111111.123.10111111
1682 2107 1783 2140 VVes-

1114 2156 1280 2199 selingius
1314 2161 1416 2198 negat
1450 2153 1667 2187 Diodoreum
1699 2164 1784 2185 eun-

1115 2201 1193 2234 dem
1212 2212 1285 2233 0330
1307 2212 1387 2233 cum
1407 2199 1691 2233 Demosthenico.

1070 2246 1210 2285 Bianor,
1240 2246 1343 2278 frater
1373 2246 1490 2280 uxoris
1521 2244 1702 2283 Amadoci‚
1733 2255 1784 2276 re-

1114 2292 1187 2335 guli
1211 2291 1377 2324 Thraciae
1403 2290 1481 2332 624,
1501 2303 1533 2332 4.
1564 2290 1698 2323 civitate
1723 2289 1784 2322 do-

1114 2343 1216 2370 natus
1228 2337 1293 2370 fuit
1304 2337 1346 2369 ab
1355 2335 1626 2369 Atheniensibus
1636 2334 1719 2368 ibid.
1732 2344 1784 2378 15.

1070 2383 1239 2426 Blepaeus
1258 2383 1420 2426 tiapezita
1444 2382 1784 2426 583,17.1023,19.

1070 2429 1235 2467 Boeotus,
1256 2429 1360 2461 frater
1384 2427 1584 2471 mangonis,
1608 2439 1625 2460 e
1651 2439 1720 2471 quo
1746 2427 1785 2459 fi-

1114 2475 1181 2507 lius
1210 2474 1396 2518 Plangonis
1423 2486 1441 2506 a
1468 2473 1602 2506 Mantia
1629 2484 1785 2516 procrea-

1115 2526 1171 2553 tus
1190 2520 1254 2553 fuit
1272 2521 1462 2563 appellatus
1484 2530 1583 2560 1004,
1601 2531 1633 2560 4.

1070 2566 1234 2605 Boeotus,
1257 2565 1446 2609 Plangonis
1470 2565 1573 2604 filius,
1592 2575 1694 2609 quem
1712 2575 1785 2596 ma-

1114 2618 1164 2644 ter
1193 2624 1211 2644 0
1243 2612 1377 2644 Mantia
1410 2617 1617 2654 conceptum
1650 2609 1784 2653 ajebat3

1116 2669 1183 2702 quo
1226 2657 1335 2690 fidens
1376 2658 1432 2690 ille
1472 2668 1535 2700 pro
1577 2656 1709 2688 Boeoto
1751 2666 1787 2687 se

1115 2703 1350 2736 Mantitheum
1377 2702 1517 2741 ferebat,
1541 2700 1634 2746 quod
1659 2711 1787 2733 nomen

1114 2755 1186 2782 erat
1214 2749 1283 2782 filio
1316 2748 1468 2782 Mantiae
1496 2759 1537 2780 ex
1566 2757 1672 2780 uxore
1701 2745 1785 2788 legi-

1115 2795 1199 2827 tima
1221 2794 1398 2838 quaesit0;
1425 2793 1517 2827 unde
1540 2793 1581 2826 lis
1603 2803 1707 2835 super
1723 2802 1785 2824 οο-

1114 2840 1207 2873 mine
1236 2846 1311 2873 orta
1340 2845 1390 2873 est
1423 2840 1511 2872 inter
1543 2838 1618 2871 11103
1651 2837 1785 2875 fratres,

1115 2898 1202 2929 quae
1226 2886 1267 2918 lis
1295 2886 1448 2918 oratione
1473 2884 1610 2927 gemina
1636 2882 1786 2926 agitatur

1115 2943 1133 2964 a
1151 2943 1183 2976 p.
1202 2943 1281 2976 994.
1301 2930 1342 2964 ad
1361 2943 1393 2975 p.
1417 2929 1514 2963 1026.
