1935 3200
300 148 413 189 1186
664 147 986 188 ADVERSUS
1021 144 1448 186 PHAENIPPUM.

300 258 385 293 tem
418 253 459 292 in
486 253 608 292 domo
634 258 709 292 tua
731 252 853 292 vidua
884 265 1017 304 neque
1045 249 1261 290 transierit
1293 249 1334 288 in
1365 263 1532 288 manum
1566 248 1814 301 domumque

300 309 472 350 alterius
494 309 592 348 viri:
627 323 707 362 quo
734 308 782 348 fit
809 313 853 347 ut
882 307 956 346 dos
985 307 1072 360 ejus
1101 306 1141 345 in
1170 310 1382 359 potestate
1408 310 1481 345 tua
1508 305 1574 345 sit.
1611 305 1811 343 REISK.

302 365 429 418 (fitujus
447 365 538 418 quis
560 364 619 404 rei
642 366 766 415 κύριος
782 370 858 409 est.
877 364 965 416 ejus
987 377 1068 402 non
1090 367 1231 416 potest
1250 361 1329 400 diei
1351 361 1531 413 χρήστης.
1566 360 1813 400 SCHAEF.

364 431 482 473 1047.
508 436 545 474 9.
578 421 749 472 δικαίως]
792 421 886 459 [Yon
920 433 1008 459 vero
1045 425 1160 472 atque
1192 417 1316 458 debito
1348 417 1457 456 modo
1489 431 1646 456 versans
1679 417 1717 454 in
1749 416 1816 455 Ιιοσ

302 477 447 530 'neyotio
477 475 680 516 exhibendi
718 476 861 515 indicis
895 474 1079 514 bonorum
1110 488 1285 513 suorum.
1348 473 1427 513 Est
1460 473 1568 512 enim
1605 487 1700 526 pars
1737 472 1812 510 for-

303 532 438 572 mulae
467 535 587 583 ὀρθῶς
616 533 678 571 καὶ
709 533 861 573 δικαίως
890 532 1138 582 ἀποφαίνειν.
1173 530 1376 569 REISK.
1438 529 1521 568 Alii
1554 528 1645 567 libri
1677 531 1814 580 δικαίᾳ.

305 588 399 628 Non
422 588 626 642 displicet.
657 588 842 641 falsoque
864 594 972 627 ¹utens
992 587 1133 626 ‘indic-e.
1180 586 1438 625 SCHAEF.

367 657 485 695 1047,
508 659 570 698 19.
595 645 796 695 Αἰαντίδῃ]
833 643 927 682 Non
959 642 1045 689 soli,
1072 642 1144 682 sed
1176 642 1295 681 simul
1323 642 1470 695 (κοινῇ)
1496 640 1697 680 Theoteli.
1765 640 1816 678 V.

304 715 343 753 p.
366 701 485 752 1048,
508 711 547 754 5.
591 701 850 739 SCHAEF.

367 767 487 809 1047,
512 770 577 811 23.
604 755 972 808 κατεσκευασμένοι]
1006 754 1234 794 »δἰιόονηαΐῖ.
1281 753 1530 793 SOHAEF.

366 823 486 865 1047,
513 814 576 854 28.
600 812 861 863 ὀφειλήματα]
900 811 953 850 V.
974 811 1029 851 ad
1050 825 1088 863 p.
1116 821 1207 862 712.
1234 822 1297 862 23.

368 868 492 909 πλέον
524 867 546 918 ἢ
583 872 696 919 τριῶν
729 868 947 918 ταλάντων]
1005 867 1086 906 Sed
1128 866 1265 905 minus
1305 864 1547 918 reperietur,
1591 879 1673 904 11011
1714 864 1819 917 plus.

310 924 442 964 Matri
475 924 707 965 talentum:
748 923 968 977 Pamphilo
1002 928 1044 962 et
1077 922 1278 961 Phidoleo
1309 922 1539 961 talentum:
1582 920 1820 960 Aeantidae

306 995 362 1033 40
397 981 554 1021 minas:
602 980 858 1020 Aristomeni
894 994 944 1030 14
978 979 1123 1018 minas.
1194 977 1373 1017 Faciunt
1409 978 1490 1017 duo
1531 977 1691 1017 talenta
1727 990 1820 1015 eum

307 1048 364 1091 54
392 1037 527 1082 minis.
556 1037 633 1076 hoe
661 1041 725 1076 est
756 1035 838 1076 tria
866 1036 1041 1083 talenta,
1066 1035 1200 1073 minus
1229 1036 1252 1072 6
1280 1033 1415 1072 minis.
1451 1034 1654 1072 REISK.
1718 1032 1820 1071 Ubi-

308 1107 406 1132 nam
436 1093 536 1147 legit
560 1092 752 1132 Reiskius
778 1091 897 1131 unius
918 1091 1066 1131 talenti
1089 1091 1228 1130 dotem
1260 1094 1495 1129 materna-m
1525 1089 1650 1128 fuisse
1664 1090 1676 1128 ’Ξ
1736 1089 1820 1128 Fae

309 1148 418 1188 enim
453 1149 578 1188 fuisse
613 1149 666 1189 80
702 1148 932 1188 minarum:
977 1161 1220 1199 summaque
1258 1146 1494 1185 debitorum
1530 1145 1703 1185 excedet
1739 1144 1821 1184 tria

309 1204 482 1245 talenta.
526 1204 777 1245 SOHAEF.

372 1262 491 1312 1048,
516 1275 548 1300 1.
581 1261 1001 1312 ὅσονπερ-ὄφλημα]
1043 1259 1186 1298 Trium
1208 1258 1426 1298 talentum.
1473 1257 1525 1296 V.
1550 1273 1588 1311 p.
1610 1270 1729 1310 1039,
1756 1270 1821 1297 21.

315 1329 490 1370 1049,5.
533 1316 784 1357 SOHAEF.

373 1386 451 1424 104
460 1378 493 1419 ’3,
508 1384 547 1426 5.
566 1373 808 1425 γραμματεῦ]
835 1372 1139 1412 Demosthenes
1155 1371 1310 1411 addere
1327 1384 1408 1409 non
1425 1370 1542 1409 solet.
1573 1369 1822 1409 SOHAEF.

374 1430 493 1481 1048,
517 1443 578 1482 19.
603 1429 932 1479 κατεσκευακότα]
969 1427 1035 1467 De
1058 1427 1201 1466 dolosa
1225 1426 1393 1466 fictione
1415 1425 1581 1465 dieitur.
1644 1425 1760 1465 Conf.
1785 1441 1824 1479 p.

320 1495 435 1538 1047,
463 1499 526 1539 23.
554 1486 672 1536 1048,
693 1498 726 1523 1.
772 1485 1031 1524 SCHAEF.

374 1542 493 1593 1048,
525 1554 589 1592 24.
623 1542 855 1592 τριπλασίας
885 1539 1006 1593 τιμῆς]
1047 1540 1098 1579 V.
1129 1538 1309 1579 Boeokh.
1334 1538 1486 1578 Oeoon.
1513 1537 1669 1577 Athen.
1688 1537 1765 1577 vol.
1788 1551 1824 1576 1.

313 1612 351 1652 p.
374 1611 465 1651 103.

375 1667 497 1707 1049,
519 1666 556 1706 3.
582 1654 643 1692 καὶ
665 1654 727 1692 ἐπὶ
749 1652 818 1691 τὸν
839 1653 1125 1702 δραπετεύοντα
1145 1656 1221 1692 τῶν
1243 1652 1394 1701 ἄλλων]
1431 1650 1549 1704 Lego
1575 1651 1637 1689 καὶ
1659 1651 1724 1689 ε’πί
1741 1666 1827 1689 τινα

313 1711 608 1760 δραπετεύοντα.
643 1708 831 1747 WOLF.
894 1708 1002 1747 Cave
1024 1709 1187 1761 probes.
1228 1707 1285 1746 ad
1310 1721 1397 1746 eum
1419 1706 1465 1745 cle
1493 1706 1635 1753 ceteris.
1658 1706 1727 1759 qui
1754 1712 1827 1745 ter-

308 1765 587 1818 9iversaretur.
630 1766 695 1804 SC
704 1766 743 1803 H
752 1765 835 1803 ΑΕ
842 1764 889 1803 F.

371 1820 674 1875 δραπετεύοντα]
707 1820 873 1860 Scilicet
895 1819 937 1858 τὸ
959 1824 1213 1871 λειτουργεῖν.
1247 1818 1441 1858 REISK.
1495 1818 1627 1857 Immo
1649 1818 1692 1856 τὸ
1716 1817 1827 1868 ἐργά-

314 1877 471 1925 ζεσθαιε
526 1891 621 1916 nam
670 1876 774 1915 servi
824 1875 1090 1929 intelligendi.
1172 1875 1310 1915 Aliter
1354 1875 1481 1915 habet
1528 1889 1565 1927 p.
1600 1875 1719 1924 1046,
1760 1886 1823 1922 24.

316 1934 576 1972 SCHAEF.

376 2002 498 2043 1049,
514 1999 553 2042 5.
575 1989 644 2028 τὸν
666 1989 784 2028 αὐτὸν
800 1989 944 2039 τρόπον
967 1989 1027 2027 καὶ
1051 1989 1135 2040 νῦν]
1173 1986 1280 2037 Quia
1297 1987 1423 2026 verba
1443 1987 1546 2026 haee
1566 1985 1702 2025 minus
1723 1985 1828 2025 belle

315 2045 553 2092 cohaerent.
586 2044 629 2084 τὸ
660 2046 720 2084 καὶ
749 2047 818 2084 νῦν
844 2042 1105 2097 praetermisi
1137 2043 1387 2083 sententiam
1417 2047 1597 2083 secutus.
1634 2041 1827 2081 WOLF.

317 2102 378 2140 καὶ
401 2104 469 2140 νῦν
490 2101 593 2140 bene
616 2101 756 2140 habet.
798 2100 917 2140 etiam
938 2113 1053 2147 mmm,
1076 2099 1200 2138 rebus
1221 2098 1278 2137 sie
1301 2113 1343 2138 se
1364 2098 1628 2146 habentibus,
1651 2102 1698 2137 ut
1720 2111 1827 2136 nune

316 2156 486 2205 habent,
509 2170 601 2195 eum
624 2156 713 2203 sim,
736 2170 817 2195 non
841 2168 996 2203 servus,
1019 2155 1091 2194 sed
1113 2154 1211 2194 civis
1232 2159 1378 2194 vester.
1418 2155 1621 2193 REISK.

373 2211 533 2251 τάλανθ’
551 2212 656 2264 ὑμῖν]
692 2213 957 2264 Posteaqumn
987 2209 1090 2250 vobis
1120 2210 1194 2249 illa
1225 2211 1307 2249 tria
1338 2210 1484 2250 talenta
1515 2209 1744 2263 dependam,
1774 2209 1831 2248 ad

316 2281 414 2322 quae
435 2268 714 2307 condemnatus
735 2281 832 2307 snm.
875 2267 1077 2306 REISK.

378 2336 497 2376 1049,
518 2337 580 2362 10.
600 2323 884 2373 περιελαθέντα
903 2322 1103 2375 περιϊδεῖν]
1127 2321 1347 2371 ἐπιτρέπειν
1362 2322 1700 2372 περιελαύνεσθαι.
1746 2320 1828 2360 Sed

316 2379 417 2419 nihil
439 2383 554 2418 vetat
575 2383 759 2418 vertere:
790 2392 908 2431 neque
929 2377 978 2416 ab
1005 2377 1092 2417 istis
1115 2377 1357 2430 αυαοὶίαίιιφη
1381 2377 1602 2430 neylz'yat'z's.
1636 2376 1827 2416 WOLF.

319 2434 638 2482 Demosthenes,
671 2433 831 2487 opinor,
865 2447 1015 2473 usurus
1047 2438 1140 2473 erat
1175 2432 1348 2485 simplici
1386 2433 1590 2472 ἐλαθέντα.
1641 2433 1826 2479 ἐλαύνεις,

318 2491 476 2537 διώκεις,
499 2493 757 2541 συκοφαντεῖς
778 2504 816 2543 p.
836 2491 933 2543 960‚
954 2499 1017 2542 15.
1059 2490 1240 2528 ἐλαύνειν
1259 2493 1302 2527 et
1324 2492 1552 2540 κατηγορεῖν
1569 2488 1709 2542 jungit
1733 2487 1828 2527 Plu-

319 2546 488 2587 tarchus
508 2545 560 2585 V.
587 2545 765 2585 Aristid.
790 2559 823 2585 e.
850 2556 911 2598 25.
936 2550 1041 2584 extr.
1086 2544 1345 2583 SCHAEF.
