1935 3200
271 123 383 161 1150
589 121 916 161 ADVERSUS
952 122 1458 162 PANTAENETUM.

272 227 448 266 ἑκουσίου
471 227 595 276 φόνου
615 225 770 265 nullam
792 227 943 265 αἵδεσιυ
964 224 1122 278 legibus
1144 239 1384 266 concessam
1411 225 1537 265 fuisse
1567 231 1782 280 appareat.

274 281 663 324 SCHOEMANN.
686 280 834 334 Antiq.
855 281 936 334 jur.
958 281 1070 334 publ.
1090 296 1129 334 p.
1157 291 1250 336 297.

330 339 425 393 9837
448 352 509 393 19.
534 338 751 391 αἰδέσηται]
789 337 842 375 V.
865 337 921 377 ad
942 352 982 391 p.
1002 339 1125 391 1069,
1149 350 1182 377 2.

330 396 425 449 983,
451 397 516 434 26.
540 393 607 434 εἶθ’
625 395 721 445 ὑπὲρ
744 411 776 433 κ.
798 410 831 433 τ.
854 393 909 447 λ.]
943 393 997 434 V.
1019 393 1074 433 ad
1096 408 1135 447 p.
1159 394 1253 447 966,
1276 407 1310 433 1.

330 452 425 505 983,
450 461 515 503 27.
547 450 606 490 καὶ
632 454 709 490 τῶν
729 449 945 504 μεγίστωυ]
980 449 1059 489 Est
1089 449 1276 503 exegesis
1305 450 1655 490 antecedentium.
1718 450 1785 490 Sic

272 521 369 546 mox
391 507 452 546 καὶ
474 508 695 546 ἐλαττόνων
717 506 982 558 ἐγκλημάτωυ.
1046 505 1110 545 Ne
1140 510 1262 559 putes
1293 505 1442 546 diversi
1465 506 1564 560 quid
1596 506 1782 547 indicari.

274 563 526 604 sCHAEF.

332 620 427 674 984.
449 633 482 658 Ι.
506 620 615 672 ὑμῖν]
647 618 700 657 V.
723 618 777 658 ad
799 634 838 672 p
863 632 960 672 991,
983 619 1019 657 8.
1062 617 1313 658 SCHAEF.

331 676 426 740 984,
451 688 487 715 2.
518 675 693 728 πρᾶγμα]
727 675 893 715 Morem
917 679 1020 728 puta
1052 674 1252 738 [caussas]
1284 674 1338 714 ab
1367 675 1457 729 ipso
1489 679 1631 715 actore
1665 675 1789 714 semel

274 732 468 772 remissas
490 746 702 785 nunquam
723 735 870 785 postea
890 745 962 770 rm
964 745 1033 770 sus
1054 731 1095 769 in
1116 730 1252 770 forum
1273 731 1507 771 revocandi
1550 732 1754 771 REISK.

333 790 428 842 984,
450 801 490 842 3.
517 788 842 851 καταλυθησεται]
878 787 965 826 Alii
995 786 1091 827 libli
1124 788 1374 827 καταλύσετε.
1437 787 1541 828 “Et
1572 787 1650 827 hoo
1680 787 1788 827 dedi.

276 845 394 885 Alias
426 844 702 899 ignoraletui,
736 844 904 898 quinam
937 844 1154 883 aboleient
1189 843 1297 882 hunc
1333 843 1582 884 laudabilem
1618 858 1788 884 morem.

277 902 360 941 Sed
382 901 492 942 valet
514 900 591 940 hoc
613 900 668 940 ad
689 914 879 940 caussam
901 905 943 940 et
963 914 1090 954 grave
1116 899 1157 938 in
1179 900 1255 939 hoc
1278 905 1547 948 momentum
1571 900 1603 940 si
1629 900 1790 953 judices

276 958 354 1011 ipsi
377 957 574 998 dicantur
594 971 688 996 eum
708 957 899 996 abolere:
930 934 988 996 id
989 956 1100 1010 quod
1121 961 1185 996 est
1207 956 1446 1010 pudendum
1467 933 1656 997 dedecus
1699 956 1791 996 Aut

276 1014 496 1068 legendum
527 1017 637 1053 esset
669 1012 977 1062 καταλυθήσεται
1005 1012 1070 1065 ὑφ’
1088 1014 1193 1062 ὑμῶν
1215 1012 1275 1064 ἐφ’
1293 1013 1415 1062 ἡμῶν;
1450 1012 1493 1052 id
1515 1013 1625 1068 quod
1655 1012 1790 1053 insua-

278 1070 366 1110 vius
387 1074 570 1117 sonaret,
593 1069 839 1122 plaesertim
861 1069 901 1108 in
923 1069 1005 1108 fine
1026 1084 1073 1109 01·
1075 1068 1239 1109 ationis.
1292 1069 1327 1107 I
1331 1074 1491 1110 raestat
1513 1070 1655 1123 itaque
1678 1086 1790 1109 κατα-

278 1126 462 1167 λύσετε.”
495 1125 695 1166 REISK.
755 1126 1065 1174 καταλυθήσεται
1086 1140 1125 1179 p.
1149 1139 1243 1179 991,
1263 1139 1326 1164 ΙΙ.
1331 1125 1541 1173 ‚fflib1ism
1562 1126 1679 1166 hac
1663 1124 1789 1179 scrip-

278 1187 376 1223 tura.
397 1181 764 1222 consentientibus.
813 1181 925 1221 Puto
947 1180 1076 1236 igitur
1095 1186 1240 1221 nostro
1261 1181 1383 1221 loco
1373 1196 1413 1221 1n
1436 1182 1642 1222 nonnullis
1664 1181 1791 1235 scrip-

279 1244 370 1279 tum
400 1238 526 1278 fuisse
554 1239 826 1286 καταλύσεται,
849 1238 961 1291 quod
992 1237 1151 1278 librarii
1182 1252 1323 1278 errore
1353 1238 1712 1292 pervulgatissimo
1736 1241 1791 1291 (v.

279 1299 367 1335 not.
398 1296 452 1335 ad
485 1310 526 1349 p.
559 1296 755 1348 730,15.)
791 1298 1066 1348 corruperunt
1102 1294 1143 1333 in
1182 1295 1434 1335 καταλύσετε.
1498 1295 1593 1334 Hoc
1626 1294 1791 1348 quidem

278 1352 377 1392 ferri
410 1366 493 1391 non
528 1365 649 1404 posse
682 1351 804 1390 docet
835 1351 946 1405 quod
978 1350 1123 1390 statim
1159 1349 1348 1404 sequitur
1377 1350 1438 1403 ἐφ’
1460 1351 1578 1402 ἡμῶν.
1627 1351 1681 1392 V.
1703 1355 1792 1391 not.

281 1422 393 1461 sequ,
434 1407 685 1448 SOHAEF.

339 1463 400 1517 ἐφ’
418 1464 543 1517 ἡμῶν]
577 1465 733 1504 Nostra
753 1469 891 1505 aetate.
933 1461 1182 1504 SCHAEF.
