1925 3215
499 140 895 181 D}‹3‹f1,;x1x1A'1‘1‹)
929 136 1270 178 AMATORIA.
1533 136 1638 175 1415

127 261 241 286 mum
272 247 474 286 immensa
504 261 553 286 ac
586 246 761 286 molesta
789 247 1008 286 verborum
1040 241 1406 297 comprehensione
1430 241 1488 293 (ξ.
1514 250 1637 293 5—7.

129 319 168 357 p.
190 304 328 354 1402.)
353 303 590 356 vituperata
619 303 817 356 juvenum
849 302 1086 355 pulc-rorum
1120 304 1247 353 atquc
1279 300 1528 345 amatorum,
1558 311 1640 349 quo,

128 364 173 399 et
198 374 241 399 sc
269 359 379 412 ipsos
404 363 447 399 et
471 359 646 398 honeste
677 363 866 398 amantes
897 357 1048 410 injuria
1079 355 1276 401 afficiant,
1299 352 1493 407 superbia,
1515 358 1641 406 atque

129 415 294 461 ferocia,
330 415 620 469 insipientibus
656 429 737 454 non
774 412 1145 467 obteniperandmn
1183 425 1271 451 csse
1305 409 1405 449 (licit
1441 408 1639 462 sapienti-

129 472 220 519 bus,
248 472 419 521 μάλιστα
445 473 517 521 μὲν
540 471 835 521 ἐνθυμουμένοις
864 471 922 509 ὅτι
944 473 1018 508 τῶν
1040 467 1275 519 πραγμάτων
1295 467 1382 506 οὔτε
1411 470 1542 504 καλῶν
1563 464 1640 504 οὔτ’

130 530 305 580 αἰσχρῶν
333 529 533 578 ἀποτόμως
563 528 699 573 ὄντων,
731 528 837 566 ἀλλὰ
868 528 971 576 παρὰ
1003 525 1090 565 τοὺς
1123 523 1344 576 χρωμένους
1375 522 1417 560 τὸ
1452 525 1642 561 πλεῖστον

129 586 455 630 διαλλαττόντων,
479 585 628 633 ἄλογον
652 586 719 635 μιᾷ
749 583 880 633 γνώμῃ
912 582 998 632 περὶ
1031 580 1262 630 ἀμφοτέρων
1282 581 1462 631 χρῆσθαι.
1525 580 1642 628 Quae

128 640 340 680 sententia
370 654 445 693 pcr
472 654 514 679 se
540 639 638 679 licet
669 639 724 678 sit
745 638 970 686 verissima,
993 636 1243 688 minimeque
1267 649 1292 674 a
1314 633 1641 673 demonstrativo

128 711 280 749 genere
301 697 539 743 abhorreat,
562 695 616 735 ab
638 695 716 734 hoc
738 695 827 734 loco
849 699 989 734 tamen
1011 698 1075 732 est
1096 691 1358 732 alienissima.
1408 690 1537 730 Recte
1556 689 1643 742 qui-

129 753 226 792 dem
259 753 467 792 Isocrates
503 752 544 791 in
577 751 758 791 Panath.
784 766 822 804 p.
851 763 943 803 279.
973 749 1147 789 eandem
1183 748 1343 801 profert
1376 746 1639 791 sententiam,

131 824 213 861 quo
244 809 487 849 criminetur
510 807 874 855 Lacedaemonios,
896 806 963 859 qni
991 804 1223 851 concordia,
1254 818 1298 844 re
1331 817 1404 856 per
1436 817 1478 842 se
1510 802 1641 855 ipsam

131 865 243 905 haud
277 864 554 918 vituperabili,
589 864 644 903 ad
681 863 880 903 Graeciae
923 862 1114 901 civitates
1155 859 1456 913 op1.›ugnandas
1497 859 1642 898 abute-

130 921 297 962 bantur.
362 921 443 961 Sed
471 922 665 974 juvenem
693 934 784 960 eum
816 919 856 958 in
888 918 1098 965 affectum,
1120 916 1188 969 qui
1218 915 1338 954 nullis
1362 914 1533 954 vinculis
1557 915 1643 954 vult

129 977 310 1017 coerceri
342 977 419 1017 nisi
442 977 590 1031 quibus
622 991 664 1016 se
695 976 829 1029 ipsum
856 973 1095 1028 obstringit,
1119 972 1334 1012 inductum
1364 977 1451 1010 tam
1479 970 1641 1024 frigida,

130 1048 215 1087 qua
234 1049 286 1074 ne
307 1048 411 1087 opus
433 1033 599 1087 quidem
623 1038 730 1081 erat,
751 1031 1116 1085 argumentatione
1146 1034 1191 1068 ut
1220 1027 1261 1067 in
1287 1041 1429 1067 amore
1457 1041 1642 1080 perseve-

131 1095 247 1130 raret
280 1089 499 1131 adhortari
539 1085 832 1130 tantummodo
873 1086 1061 1141 sophista
1093 1090 1274 1139 poterat.
1336 1084 1458 1134 Quod
1502 1088 1643 1123 autem

129 1147 265 1194 addit,
295 1147 316 1186 ὃ
349 1148 471 1197 μόνον
501 1147 598 1185 ἴδιον
627 1146 739 1187 ἔθνος
772 1147 867 1195 (τῶν
901 1144 1094 1194 ἐραστῶν)
1126 1142 1200 1194 οὐχ
1231 1141 1390 1186 ἅπασιν,
1424 1141 1530 1179 ἀλλὰ
1564 1144 1642 1181 τοῖς

133 1207 268 1245 καλοῖς
290 1204 352 1242 καὶ
373 1203 578 1253 σώφροσιν
597 1203 833 1242 οἰκειοῦσθαι
854 1200 1043 1250 πέφυκεν,
1060 1212 1204 1238 vereor
1223 1211 1274 1236 ne
1297 1195 1643 1236 inconsideratius

131 1273 258 1312 quam
280 1258 415 1298 verius
445 1258 603 1298 dictum
630 1257 700 1305 sit,
727 1256 975 1311 praesertim
996 1269 1123 1309 quum
1150 1254 1238 1307 ipse
1263 1252 1401 1306 paullo
1429 1258 1527 1292 ante
1557 1253 1644 1294 τοὺς

130 1315 438 1365 λυμαινομένους
477 1317 528 1368 τῷ
565 1313 760 1366 πράγματι
798 1328 824 1353 a
863 1316 942 1354 τοῖς
980 1314 1078 1362 μετὰ
1119 1311 1378 1360 σωφροσύνης
1412 1308 1643 1358 πλησιάζειν

131 1373 284 1421 ἀξιοῦσι
305 1370 569 1425 sejunxisset.

192 1427 240 1466 P.
261 1440 379 1478 1402,
403 1439 522 1480 1403.
557 1426 627 1465 Ad
649 1425 893 1479 Epicratem
914 1424 963 1463 fit
984 1423 1233 1463 artificiosus
1259 1420 1475 1462 transitus.
1501 1423 1559 1474 (ξ.
1585 1421 1641 1472 8.)

135 1483 229 1523 Non
260 1483 421 1531 mirum,
444 1483 591 1536 inquit,
614 1495 755 1522 amare
780 1481 899 1528 nolle,
922 1480 991 1535 qui
1019 1484 1094 1520 aut
1125 1479 1307 1518 nondum
1330 1477 1434 1517 vidit
1459 1491 1644 1518 amorem

132 1540 259 1580 talem
283 1539 460 1580 feliciter
482 1544 718 1586 exeuntem,
740 1542 814 1577 aut
844 1537 965 1577 timet
996 1541 1043 1576 ut
1074 1536 1161 1589 ipse
1192 1550 1284 1575 cum
1315 1538 1484 1574 amante
1513 1533 1644 1573 conti-

133 1605 281 1636 nenter
316 1610 365 1636 ac
400 1595 588 1636 modeste
623 1593 965 1635 consuetudinem
998 1592 1131 1646 possit
1159 1591 1334 1645 jungere
1362 1590 1565 1642 (itanel);
1600 1595 1643 1629 te

132 1667 229 1692 vero
251 1666 403 1706 eosque
425 1651 493 1706 qui
515 1651 661 1692 eodem
680 1650 804 1689 modo
825 1648 1056 1702 comparati
1081 1653 1179 1688 sunt
1210 1652 1399 1687 amantes
1422 1646 1644 1699 quicquam

132 1709 315 1762 turpiter
344 1723 464 1762 posse
494 1722 619 1763 agere
650 1721 700 1747 ne
733 1705 934 1760 suspicari
958 1705 1125 1759 quidem
1156 1704 1266 1744 licet.
1330 1702 1436 1742 Tum
1469 1702 1647 1742 multum

132 1765 186 1805 de
208 1765 422 1819 proposito
444 1779 518 1805 suo
539 1765 671 1817 deque
699 1762 827 1816 ipsius
850 1761 1072 1816 Epicratis,
1096 1775 1177 1814 quo
1199 1760 1300 1800 haec
1323 1758 1510 1812 accipere
1533 1758 1644 1805 velit,

132 1821 273 1862 animo
304 1821 522 1870 disserens,
549 1836 588 1874 p.
607 1832 726 1873 1403.
753 1819 919 1858 demum
952 1817 1152 1857 sermonis
1183 1820 1431 1870 argumenta
1462 1813 1646 1868 disponit

132 1878 243 1917 hune
273 1877 327 1918 ad
357 1877 549 1917 modum:
583 1877 749 1928 ἡγοῦμαι
776 1875 923 1916 πάντας
949 1874 997 1913 ἂν
1019 1873 1267 1924 ὁμολογῆσαί
1285 1888 1350 1921 μοι
1371 1875 1452 1911 τοῖς
1473 1872 1646 1920 τηλικού-

134 1951 215 1976 τοις
244 1934 416 1983 μάλιστα
444 1936 687 1984 κατεπείγειν
713 1931 857 1972 κάλλος
882 1932 954 1980 μὲν
981 1931 1043 1969 ἐπὶ
1066 1932 1132 1978 τῆς
1163 1930 1306 1980 ὅψεως,
1330 1927 1593 1977 σωφροσύνην
1614 1925 1644 1965 δ’

135 1991 199 2029 ἐπὶ
230 1993 294 2040 τῆς
321 1993 463 2042 ψυχῆς,
497 1990 678 2039 ἀνδρείαν
705 1986 734 2027 δ’
759 1986 816 2027 ἐπ’
840 1987 1070 2037 ἀμφοτέρων
1092 1986 1248 2029 τούτων,
1285 1983 1401 2035 χάριν
1427 1981 1457 2021 δ’
1487 1983 1573 2022 ἐπὶτ
1594 1985 1647 2021 ὢν

135 2048 268 2097 λόγων
289 2049 483 2086 διατελεῖν
505 2045 766 2097 ἔχοντας’-’ὰ
794 2042 824 2083 δ’
849 2043 1013 2082 ἑκάστου
1041 2042 1187 2081 τούτων
1210 2041 1379 2091 ἐγκώμια
1411 2040 1533 2078 εἰπεῖν
1555 2038 1644 2090 ἔχω,

135 2106 255 2142 ταῦτα
276 2105 450 2151 δηλῶσαι
481 2101 715 2152 πειράσομαι
744 2098 823 2149 μετ’
846 2099 1044 2147 ἀληθείας.
1106 2097 1199 2147 Qua
1220 2096 1261 2135 in
1284 2094 1557 2148 dispositione
1578 2108 1647 2134 ex-

133 2158 285 2211 quisite
307 2157 475 2198 inventa
495 2171 542 2197 ac
564 2171 678 2196 more
700 2154 926 2209 sophistico
946 2154 1005 2206 (id
1023 2153 1134 2206 quod
1156 2153 1209 2192 ad
1232 2152 1464 2191 universam
1483 2164 1646 2204 quoque

134 2214 367 2254 orationem
399 2213 601 2267 pertinet)
625 2211 846 2252 antithetis
877 2210 1077 2250 distincta
1107 2223 1190 2249 non
1221 2214 1285 2248 est
1307 2208 1416 2262 quod
1441 2207 1647 2260 vitupera-

135 2270 293 2311 tionem
315 2271 474 2310 subeat.
538 2269 688 2322 Itaque
710 2268 887 2322 primum

192 2342 232 2380 p.
260 2327 551 2378 1404—1406.
588 2325 639 2365 de
674 2323 883 2379 Epicratis
912 2321 1191 2376 pulcritudine
1223 2320 1404 2360 disserit.
1470 2319 1552 2359 Sed
1583 2325 1649 2359 tot

136 2383 240 2423 haec
260 2382 511 2423 laudationis
540 2396 638 2435 pars
670 2380 846 2435 argutiis
867 2385 996 2432 atque
1018 2378 1185 2431 ineptiis
1206 2376 1361 2417 referta
1381 2380 1458 2424 est,
1482 2382 1583 2428 quot
1605 2375 1648 2414 in

137 2439 304 2492 reliquis
337 2439 528 2478 omnibus
560 2437 793 2491 sexaginta,
824 2450 929 2490 quae
963 2433 1236 2474 Demostheni
1271 2432 1528 2479 tribuuntur,
1558 2445 1647 2470 ora-

137 2495 320 2535 tionibus
350 2494 625 2548 nequicquam
651 2507 840 2546 quaeras.
902 2491 1063 2544 Quippe
1095 2489 1281 2529 nesciens
1304 2487 1512 2541 quomodo
1543 2485 1648 2526 satis

136 2550 396 2604 splendidam
430 2549 640 2603 Epicratis
675 2549 896 2603 imaginem
927 2547 1109 2600 effingat,
1137 2560 1217 2599 quo
1249 2544 1368 2583 simul
1405 2541 1559 2594 incepti
1583 2556 1648 2581 ve-

137 2606 249 2646 niam
284 2606 496 2659 impetret,
530 2605 764 2659 quicunque
799 2605 908 2643 hunc
941 2616 1173 2642 sermonem
1207 2600 1332 2653 legat,
1366 2599 1498 2652 ipsum
1528 2597 1650 2650 jubet

138 2661 305 2702 intueri.
365 2661 522 2702 Callide
550 2666 598 2701 tu
619 2661 785 2714 quidem
812 2664 856 2700 et
885 2658 1121 2699 artificiose.
1187 2656 1269 2696 Sed
1290 2654 1359 2694 ubi
1381 2659 1457 2701 est,
1482 2667 1648 2706 quaeso,

139 2733 261 2773 quem
294 2717 459 2757 intuear
491 2716 736 2770 Epicrates?
798 2714 1063 2770 Ignorastine
1098 2713 1206 2752 hunc
1239 2724 1402 2764 quoque
1432 2723 1529 2748 mox
1560 2722 1650 2748 esse

139 2778 448 2828 perventurum,
471 2787 551 2826 quo
572 2772 664 2825 pius
686 2773 868 2820 Aeneas,
890 2786 970 2824 quo
993 2769 1109 2810 divus
1132 2767 1276 2808 Tullus
1298 2772 1340 2806 et
1362 2766 1532 2806 Ancus?
1586 2764 1650 2804 At

140 2844 286 2884 nugor,
324 2843 400 2869 nee
441 2829 644 2868 debebam
678 2827 864 2867 oblivisci
904 2828 1011 2867 hanc
1053 2822 1399 2865 declamationem
1438 2835 1521 2860 non
1562 2834 1651 2860 esse

143 2889 265 2937 κτῆμα
287 2887 325 2927 ἐς
346 2886 406 2925 ἀεὶ
425 2888 582 2935 μᾶλλον
602 2883 624 2934 ἢ
647 2884 851 2935 ἀγώνισμα
873 2885 912 2925 ἐς
933 2883 975 2922 τὸ
998 2882 1246 2932 παραχρῆμα.
1296 2878 1390 2918 Non
1412 2877 1651 2931 discrepant

141 2943 196 2982 ab
218 2941 282 2982 his
305 2940 547 2994 sequentia,
581 2939 622 2979 in
644 2939 792 2992 quibus
822 2943 1045 2993 postquam
1075 2936 1126 2976 de
1152 2935 1327 2977 florente
1349 2948 1396 2974 ac
1418 2933 1528 2974 nullo
1551 2932 1651 2973 vitio

840 3010 862 3033 B
882 2995 908 3033 b
934 3007 953 3034 2
