1925 3215
516 130 839 170 ADVERSUS
874 127 1255 169 EUBULIDEM.
1535 127 1643 165 1335

131 254 194 277 σει
236 237 297 276 καὶ
328 235 485 278 Ἰσαῖος.
530 238 591 277 καὶ
629 239 796 287 Δίδυμος
832 239 852 275 ὁ
888 235 1150 288 γραμματικὸς
1184 236 1226 274 ἐν
1265 234 1338 284 μὲν
1377 236 1457 273 τοῖς
1496 231 1644 271 Ἰσαίου

129 293 385 343 ὑπομνήμασί
415 300 537 345 φησιν
571 294 668 333 εἶναι
702 294 771 342 τὴν
807 297 886 334 τοῖς
919 294 1136 344 φράτορσιν
1164 292 1226 330 ἐπὶ
1258 292 1394 341 γάμοις
1427 288 1643 337 διδομένην,

129 349 437 401 παρατιθέμενος
467 350 576 399 λέξιν
602 350 849 399 Φανοδήμου,
872 351 914 388 ἐν
944 348 968 403 ᾗ
997 349 1109 388 οὐδὲν
1137 350 1312 387 τοιοῦτον
1340 344 1567 397 γέγραπται·
1602 345 1645 383 ἐν

130 407 171 445 δὲ
193 410 272 447 τοῖς
301 408 353 448 εἰς
377 408 638 457 Δημοσθένην
664 408 683 445 ὁ
715 406 830 448 αὐτὸς
859 405 980 445 πάλιν
1000 405 1197 456 γαμηλίαν
1219 402 1340 454 φησὶν
1363 401 1462 441 εἶναι
1492 401 1562 450 τὴν
1592 402 1646 442 εἰς

129 463 217 504 τοὺς
247 462 445 514 φράτορας
468 463 690 515 εἰσαγωγὴν
710 467 785 502 τῶν
806 466 1009 514 γυναικῶν,
1034 462 1216 510 οὐδεμίαν
1237 460 1432 507 ἀπόδειξιν
1461 460 1527 506 τῆς
1559 458 1642 506 ἐξη-

130 518 282 570 γήσεως
303 519 584 570 παραθέμενος.
648 519 797 558 Suidas
819 518 859 557 in
883 518 1027 558 cadem
1051 532 1173 556 voce:
1210 516 1398 565 Γαμηλία,
1421 515 1444 564 ἡ
1466 513 1644 563 διδομένη

129 579 209 616 τοῖς
230 574 449 626 φράτορσιν
472 576 534 615 ἐπὶ
555 575 704 627 γάμοις·
738 574 760 624 ἣ
782 576 804 624 ἡ
826 578 900 614 τῶν
922 578 1114 626 γυναικῶν
1138 575 1191 614 εἰς
1212 573 1299 613 τοὺς
1321 570 1517 622 φράτορας
1539 571 1645 609 εἷσα-

130 631 249 682 γωγή.
296 633 414 673 οὕτως
439 633 606 681 Δίδυμος
628 633 647 670 ὁ
669 632 945 682 γραμματικός.
1001 630 1196 669 Profecto
1218 629 1319 668 hacc
1340 627 1484 667 cadem
1506 626 1644 673 verba,

129 702 236 741 quae
270 687 570 741 chicographi
603 687 881 736 adduxerunt,
914 687 979 726 hic
1008 686 1048 726 in
1079 685 1244 726 scholiis
1273 684 1327 724 ad
1355 684 1461 723 hanc
1489 682 1644 722 oratio-

128 757 223 783 nem
254 743 461 797 leguntur.
526 744 593 783 Ita
615 743 725 783 0111111
750 744 803 783 ad
834 759 874 796 p.
899 756 1018 796 1312,
1047 755 1134 782 12.;
1170 741 1347 791 Γαμηλία
1368 739 1546 789 διδομένη
1567 742 1645 780 τοῖς

129 800 345 851 φράτορσιν
377 800 578 851 ἐπιγάμοις
617 800 723 853 (lege
758 799 998 853 disjunctim
1035 800 1096 838 ἐπὶ
1134 798 1287 849 γάμοις)
1326 795 1461 846 δωρεά.
1495 796 1642 836 ἄλλως·

128 857 302 907 γαμηγία
322 857 344 906 ἡ
365 860 441 895 τῶν
457 860 650 907 γυναικῶν
673 858 726 897 εἰς
746 856 834 897 τοὺς
856 855 1054 906 φράτορας
1076 853 1286 905 εἰσαγωγή.
1320 851 1645 892 R(‚.·stitucn(lum

129 917 242 952 certe
275 914 464 963 γαμηλία,
496 926 578 951 11011
613 913 797 964 γαμηγία.
862 911 970 951 Nam
1004 926 1055 950 ex
1090 914 1236 950 tenore
1269 908 1411 948 scholii
1448 922 1530 947 non
1567 907 1645 946 sibi

127 968 346 1022 proposuit
380 968 638 1021 distinguere
674 968 783 1008 inter
819 969 1016 1020 γαμηλίαν
1052 971 1095 1006 et
1135 967 1343 1018 γαμηγίαν,
1378 964 1462 1012 scd,
1495 967 1544 1003 ut
1583 963 1644 1012 fit,

128 1024 250 1063 unius
271 1024 459 1064 vocabuli
480 1025 584 1064 (luas
610 1024 892 1078 expositiones
923 1024 1113 1077 prodere.
1175 1023 1364 1075 Eamque
1386 1035 1474 1060 rein
1495 1020 1644 1059 confir-

128 1085 248 1120 mant
271 1080 577 1135 Lexicographi
608 1081 732 1121 modo
754 1080 888 1121 citati.
953 1080 1017 1120 De
1045 1093 1144 1119 voce
1175 1078 1257 1118 ista
1283 1078 1457 1129 γαμηλία
1479 1076 1646 1116 consule

133 1136 169 1175 V
173 1137 345 1176 alesium
377 1137 431 1177 ad
464 1137 722 1190 lim-poemt.
756 1152 795 1190 p.
825 1151 890 1190 33.
946 1136 1179 1176 Meursium
1210 1134 1343 1174 Attio.
1381 1134 1498 1173 Lcct.
1531 1146 1569 1186 3,
1609 1146 1644 1173 1.

130 1192 274 1233 Thenl.
299 1194 430 1233 Attio.
457 1206 494 1239 2,
518 1208 583 1245 14.
608 1198 651 1234 et
669 1194 815 1233 Graec.
841 1192 1000 1233 Feriat.
1024 1192 1065 1231 in
1085 1192 1338 1242 Ἀπατούρια,
1360 1189 1646 1230 Castellanum

129 1249 180 1289 de
204 1249 342 1289 Festis
366 1250 634 1298 Graecorum,
658 1250 847 1289 Potitum
876 1249 974 1303 Leg.
999 1248 1134 1288 Attio.
1158 1248 1226 1287 lib.
1251 1260 1286 1287 2.
1309 1247 1376 1286 tit.
1401 1260 1442 1294 4.
1476 1244 1644 1285 Alberti

131 1305 186 1345 ad
221 1305 405 1359 Hesych.
439 1321 475 1345 v.
505 1307 682 1356 Γαμηλία
709 1311 752 1346 et
786 1306 925 1355 Γάμων
958 1306 1038 1356 ἔθη.
1101 1304 1174 1343 TA
1188 1303 1363 1343 YLOR.
1416 1302 1469 1341 V.
1493 1302 1644 1342 Schoe-

131 1375 271 1402 manu.
294 1363 346 1402 ad
372 1362 536 1402 Isaeum
558 1377 596 1415 p.
619 1364 711 1416 263.
734 1367 777 1402 et
801 1362 947 1401 Meier.
969 1362 1019 1401 de
1040 1360 1183 1413 gentil.
1208 1360 1302 1400 Att.
1327 1374 1367 1412 p.
1388 1359 1451 1398 18.

192 1419 309 1471 1298,
333 1420 370 1459 6.
404 1420 465 1458 καὶ
487 1419 875 1468 ἐμμείναντας-τῶν
897 1414 1085 1469 δημοτῶν]
1111 1418 1336 1469 Ieatmnque
1356 1413 1532 1454 habentes
1560 1414 1646 1467 suf-

116 1475 307 1570 Jg’ayz'um
328 1475 582 1524 demetarum,
605 1479 652 1515 ut
674 1489 755 1514 non
781 1479 957 1515 utantur
982 1475 1075 1528 jure
1105 1471 1357 1527 provocandi
1387 1471 1441 1512 ad
1467 1470 1642 1525 judices.

162 1530 376 1571 CHAEF.

186 1586 327 1627 Genus
348 1587 525 1628 actoris:

658 1645 770 1674 Nescio
786 1645 855 1683 quis
871 1644 996 1683 generis
1013 1649 1110 1682 pater.

173 1780 596 1821 Theocritides—Lysarete.
909 1781 1083 1811 Charisius.
1303 1778 1469 1819 Lysanias.

303 1822 500 1938 Themiritus.
728 1907 756 1936 T
760 1907 955 1938 heocritides.
1025 1905 1233 1936 Charisiades.
1302 1904 1333 1934 N
1336 1904 1461 1934 iciades.

260 1993 440 2023 Euxitheus
455 2000 550 2023 actor.
1306 1946 1514 2019 Nicoitratus.

132 2045 208 2085 RE
217 2045 325 2085 ISK.

194 2115 313 2154 1299,
338 2103 397 2141 16.
423 2101 564 2155 καλῶς]
587 2101 654 2142 Sic
676 2105 723 2141 ut
744 2101 920 2141 vincam.
954 2099 1204 2140 SCHAEF.

192 2171 314 2212 1299,
334 2171 394 2209 17.
417 2160 485 2199 τὰς
507 2156 797 2211 ἀποψηφίσεις]
823 2157 939 2198 Citat
960 2156 1000 2196 h.
1017 2156 1043 2196 l.
1067 2153 1383 2209 Harpocration
1404 2168 1441 2194 v.
1463 2152 1646 2205 Ἀποψή-

131 2220 251 2266 φισις.
284 2213 479 2254 REISK.

192 2283 311 2324 1299,
336 2282 401 2309 21.
436 2271 497 2310 καὶ
518 2269 613 2320 πρὸς
633 2270 702 2319 τὴν
725 2269 805 2309 κατ’
829 2268 1062 2321 ἐκείνων-]
1099 2268 1252 2308 Sensus
1275 2271 1362 2306 est:
1397 2265 1502 2306 Cum
1523 2269 1646 2306 tanta

132 2332 279 2366 exorta
304 2326 360 2366 sit
385 2325 600 2366 iracundia
621 2326 673 2365 ob
694 2325 860 2371 multos,
884 2324 953 2379 qui
985 2325 1026 2364 in
1056 2323 1269 2364 civitatem
1293 2322 1440 2362 fraude
1470 2322 1647 2374 irrepse-

133 2387 241 2429 rant,
265 2397 313 2422 ea
335 2383 461 2422 etiam
489 2382 531 2421 in
561 2396 636 2421 nos
664 2381 788 2429 cadit,
815 2380 883 2434 qui
915 2395 997 2420 non
1024 2381 1118 2434 jure
1145 2380 1187 2419 in
1214 2379 1293 2419 1100
1321 2378 1541 2418 discrimen
1569 2377 1643 2417 ad-

134 2437 248 2477 ducti
279 2452 432 2487 sumus,
454 2452 597 2477 verum
628 2437 880 2478 factionibus
902 2437 1101 2491 oppressi.
1164 2435 1267 2475 Inde
1294 2435 1343 2475 fit
1373 2439 1421 2474 ut
1446 2433 1565 2473 nobis
1594 2432 1646 2471 lis

134 2494 452 2533 subnasceretur
485 2493 653 2534 insolita
685 2498 727 2533 et
764 2508 881 2541 nova,
914 2493 1069 2533 scilicet
1102 2497 1150 2532 ut
1182 2491 1527 2544 responderemus
1562 2502 1646 2527 non

132 2549 322 2602 privatae
348 2554 390 2589 et
417 2549 609 2603 propriae
630 2549 921 2598 criminationi,
946 2550 1017 2589 sed
1049 2548 1118 2598 illi,
1142 2562 1248 2601 quae
1268 2548 1322 2587 ab
1342 2546 1432 2586 aliis
1453 2550 1549 2586 orta
1568 2558 1644 2584 nos

135 2618 310 2658 quoque,
332 2605 430 2645 licet
452 2605 704 2653 innocentes,
727 2606 945 2659 oppressit.
979 2603 1242 2645 TAYLOR.

196 2673 315 2713 1299,
340 2673 405 2702 22.
428 2661 471 2700 τὸ
495 2660 574 2701 καθ’
594 2662 725 2712 αὑτὸν]
755 2662 869 2712 Qnod
886 2662 1016 2716 ipsum
1038 2661 1189 2701 attinet.
1225 2656 1474 2698 SCHAEF.

197 2729 320 2769 1299,
344 2729 407 2768 24.
430 2715 601 2770 πρῶτον]
626 2717 771 2757 Primo
793 2718 883 2765 loeo,
907 2724 998 2758 ante
1018 2717 1163 2757 omnia.
1197 2712 1448 2754 SCHAEF.

198 2785 317 2825 1300,
338 2783 378 2825 5,
403 2772 554 2825 κοινῶν]
578 2772 807 2826 Exspectes
829 2775 962 2814 ὁσίων.
996 2770 1244 2814 SCHAEF.

198 2842 318 2882 1300,
342 2828 379 2868 8.
403 2830 703 2880 εἷ-γενοίμεθα
724 2829 858 2870 citant
880 2829 1041 2870 Anecd.
1060 2827 1192 2868 Bekk.
1214 2841 1254 2880 p.
1284 2825 1373 2873 128,
1396 2825 1459 2864 18.
1492 2822 1646 2863 Sensus

138 2884 204 2924 hic
225 2889 310 2924 est:
343 2885 412 2938 qni
441 2883 640 2924 vobiscum
660 2899 831 2938 poenam
853 2892 1090 2940 peteremus,
1110 2883 1190 2924 nisi
1213 2896 1288 2936 per
1314 2880 1646 2922 machinationem

137 2939 364 2981 Eubulidae
383 2940 553 2982 stetisset.
587 2940 835 2982 SOHAEF.

838 3012 863 3036 U
889 2998 914 3035 2
