1925 3215
441 139 764 179 ADVERSUS
798 138 1178 179 ΔΨΙἛΡΙΙΛΝΗΜ
1217 140 1251 178 Ι.
1500 139 1608 181 1229

91 245 241 284 liberos
277 244 477 298 pariente,
510 246 738 298 cademque
777 250 924 299 postea
960 260 1035 299 pro
1072 244 1224 285 marito
1256 244 1519 298 deprecante,
1554 244 1608 284 ad

92 301 248 341 exitum
271 301 507 354 pervenisse
530 316 611 340 non
634 302 845 342 videtin-1¹.

156 358 259 396 Mox
291 357 436 397 codem
467 358 633 398 circiter
665 363 866 412 tempore,
898 358 1008 398 intra
1040 358 1250 397 biennium
1287 361 1382 410 post
1416 356 1608 396 Pasionis

91 413 263 461 obitum,
294 418 456 453 tutores
488 414 685 453 Phormio
721 420 763 455 ct
798 415 996 461 Nicer-les,
1030 414 1298 467 dilapidante,
1332 418 1379 453 ut
1415 413 1491 466 ipsi
1524 413 1607 464 aje-

91 470 206 518 bant,
229 475 407 523 paterna
434 471 544 510 bona
574 471 732 523 nmjore
761 476 862 511 natu
892 470 987 517 filio,
1011 471 1087 523 ipsi
1118 485 1192 523 pro
1224 470 1395 516 minore,
1419 470 1479 509 ita
1507 470 1608 509 utile

91 526 185 575 rati,
209 541 301 565 cum
329 526 398 565 illo
424 526 613 567 dividunt
644 527 954 581 patrimonium,
979 533 1155 580 excepta
1186 541 1327 566 mensa
1349 531 1391 566 ct
1413 526 1603 572 officina,

91 597 193 636 quas
215 597 307 622 cum
332 583 530 623 Phormio
551 584 605 623 ad
632 589 791 624 certum
815 589 979 637 tempus
1000 583 1281 629 conduxisset,
1307 582 1473 622 interim
1496 587 1606 622 uter-

92 653 170 692 quc
204 638 424 678 locationis
462 640 674 679 semissem
710 640 991 693 accipiebatx.
1058 639 1221 679 Exacto
1255 639 1421 678 demum
1456 644 1606 678 octavo

91 709 199 735 anno
224 695 442 735 locationis
464 702 664 749 tempore,
689 697 786 736 (111111
809 696 976 736 interim
1005 695 1182 735 Pasicles
1214 695 1255 734 in
1284 710 1402 735 suam
1431 695 1607 735 tutelam

91 756 276 799 venerat,
298 752 374 792 has
404 752 532 792 etiam
561 752 751 793 dividunt
782 753 906 793 ambo
937 752 1023 801 filii,
1047 752 1107 792 ita
1130 752 1309 805 quidem,
1332 756 1380 791 ut
1401 751 1608 791 officinam

91 813 317 855 scutorum,
341 808 509 862 optione
537 809 649 856 data,
672 809 749 849 sibi
777 809 950 861 eligeret
973 809 1264 862 Aprsslodorus,
1288 822 1475 847 mensam
1503 807 1607 848 acci-

91 869 210 918 peret
228 864 422 913 Pasicles,
446 865 672 905 liberantes
693 865 986 905 Phormionem
1008 880 1033 905 a
1054 865 1274 913 locatione,
1293 869 1335 904 et
1357 869 1403 904 ut
1426 864 1512 918 ipsc
1532 864 1606 912 ait,

91 921 144 961 ab
175 921 365 961 omnibus
397 921 488 961 aliis
522 922 895 970 criminationibus,
923 925 988 971 τῆς
1019 923 1246 971 μισθώσεως
1277 922 1339 960 καὶ
1368 925 1444 960 τῶν
1473 922 1609 961 ἄλλων

93 977 274 1017 ἁπάντων
297 977 550 1028 ἐγκλημάτωυ
565 987 596 1018 Υ.

148 1033 428 1087 Apollodorus
458 1035 747 1075 trierarchiam
772 1034 814 1074 in
837 1034 1060 1074 Thraciam
1082 1033 1268 1087 suscipit,
1290 1033 1491 1073 archonte
1516 1033 1608 1073 Mo-

90 1090 183 1130 lone
208 1089 486 1144 Olymp.104,
509 1104 563 1144 3.,
592 1106 682 1131 eam
716 1092 767 1130 de
799 1106 881 1144 qua
917 1092 1111 1144 frequens
1146 1090 1304 1130 mentio
1337 1090 1385 1130 fit
1423 1089 1464 1129 in
1498 1096 1606 1130 orat.

89 1147 286 1187 adversus
306 1147 514 1200 Polyclem
528 1156 557 1187 Ζ.
608 1148 825 1188 Redeunte
846 1147 915 1187 illo
936 1148 989 1187 ab
1011 1147 1289 1200 expeditione,
1308 1146 1448 1186 subita
1468 1151 1605 1186 morte

91 1203 370 1257 exstinguitur
402 1203 628 1258 Archippe,
666 1204 808 1258 paucis
841 1208 1006 1244 tantum
1038 1203 1174 1243 verbis
1210 1203 1339 1242 filium
1379 1203 1561 1243 allocuta
1575 1212 1605 1242 ἃ.

95 1259 198 1299 Mox
233 1260 379 1299 matris
414 1260 524 1300 bona
559 1266 648 1300 tam
683 1275 776 1300 cum
812 1261 935 1311 hujus
971 1260 1123 1307 liberis,
1160 1274 1263 1313 quos
1297 1274 1319 1299 0
1354 1259 1608 1299 Phormione

93 1321 344 1369 susceperat,
379 1331 504 1370 quam
544 1331 637 1356 cum
677 1317 808 1357 fratre
843 1316 1016 1361 Pasicle,
1054 1317 1240 1370 partitur
1275 1315 1555 1369 Apollodorus
1573 1315 1607 1355 b.

95 1372 186 1423 Qui,
210 1373 407 1427 quamdiu
435 1377 572 1413 mater
593 1373 769 1421 vivebat,
797 1387 1025 1426 numquam
1055 1378 1225 1426 apertas
1253 1372 1487 1413 simultates
1515 1386 1609 1412 cum

94 1428 346 1469 Phormione
368 1434 626 1477 exercuerat,
648 1434 738 1470 tum
761 1430 938 1475 demum,
962 1429 1031 1469 illa
1055 1434 1235 1477 mortua,
1258 1429 1444 1482 adeoque
1467 1428 1609 1468 decem

93 1485 258 1526 circiter
284 1485 404 1526 annis
435 1491 529 1540 post
558 1486 690 1539 patris
719 1486 892 1534 obitum,
916 1485 1105 1539 inprimis
1125 1485 1237 1525 rixas
1259 1499 1352 1531 cum
1380 1499 1428 1524 00
1454 1484 1609 1524 habere

93 1541 236 1595 incipit
249 1550 277 1591 C,
295 1542 586 1596 actionemque
607 1542 788 1583 intendit
809 1543 987 1596 quinque
1011 1542 1304 1582 drachmarum
1325 1541 1522 1587 millium;
1558 1541 1610 1581 de

95 1598 268 1651 qualite
293 1613 381 1639 sese
402 1614 495 1638 cum
518 1599 773 1652 Apollodoro
802 1599 1055 1653 transegisse
1081 1598 1141 1639 ait
1165 1597 1375 1646 Phormio,
1399 1597 1609 1637 suadenti-

94 1655 170 1694 bus
192 1655 436 1709 Apollodori
463 1656 666 1710 cognatis,
690 1655 828 1703 Dinia,
854 1655 985 1701 Nicia,
1012 1655 1167 1709 Lysino
1191 1660 1234 1695 ct
1256 1654 1538 1701 Andromene,
1561 1658 1610 1694 ut

95 1710 152 1750 illi
181 1711 290 1751 dono
318 1712 439 1752 daret
460 1712 641 1766 quinque
671 1712 753 1752 ista
782 1712 1075 1752 drachmarum
1106 1711 1247 1759 millia,
1278 1715 1408 1764 atque
1438 1714 1612 1764 propter

94 1767 421 1808 transactionem
443 1768 745 1822 Apollodorum
772 1769 898 1808 istam
924 1768 1122 1822 pecuniae
1155 1782 1358 1808 summam
1386 1767 1608 1820 accepisse,

96 1837 219 1877 seque
240 1824 393 1864 iterum
421 1825 475 1865 ab
497 1839 546 1865 eo
575 1825 686 1865 omni
711 1824 880 1865 crimine
909 1825 1131 1865 liberatum
1159 1838 1275 1870 esse;
1310 1823 1379 1877 qui
1400 1823 1481 1863 fuit
1502 1823 1612 1864 alter

96 1879 136 1919 in
157 1880 385 1921 amicitiam
405 1881 565 1921 reditus
577 1880 609 1921 d.

153 1936 221 1977 Ita
241 1937 444 1985 omnibus,
462 1942 510 1977 ut
530 1937 761 1985 videbatur,
780 1938 911 1977 amice
932 1936 1185 1990 compositis,
1208 1950 1301 1976 ecce
1323 1941 1419 1989 post
1439 1935 1609 1989 longum

97 1993 295 2047 temporis
335 1994 597 2034 intervallum
638 1994 809 2033 eaedem
849 1993 943 2033 lites
984 1997 1251 2033 renovantur.
1326 1992 1611 2045 Apollodorus

96 2049 215 2098 enim,
237 2064 320 2090 non
341 2051 538 2090 obstante
566 2049 850 2090 transactione
876 2049 957 2097 illa,
982 2063 1107 2103 quam
1129 2048 1320 2095 diximus,
1343 2048 1610 2088 nihilominus

97 2109 236 2146 tamen
269 2106 514 2146 Phormioni
550 2106 659 2146 diem
695 2106 832 2146 dicere
867 2106 997 2146 audet
1033 2107 1222 2157 ἀφορμῆς,
1253 2105 1338 2145 sive
1374 2105 1420 2145 (le
1456 2119 1610 2145 mensae

96 2168 205 2211 sorte,
228 2162 394 2203 actione
415 2162 562 2217 viginti
588 2163 843 2203 talentorum
872 2162 1079 2210 instituta,
1103 2161 1294 2201 omnibus
1317 2161 1493 2215 querelis
1515 2175 1611 2200 con-

99 2217 285 2267 cinnatis,
309 2224 352 2259 et
372 2219 611 2259 criminibus
638 2218 862 2273 superioris
883 2218 1084 2272 temporis
1105 2218 1374 2266 coacervatis,
1398 2217 1447 2257 iis
1468 2217 1609 2265 etiam,

99 2275 207 2328 quod
229 2275 412 2315 omnium
436 2275 663 2316 maximum
684 2280 806 2316 vocat
829 2275 1042 2324 Phormio,
1065 2289 1171 2328 quae
1192 2288 1405 2327 nunquam
1426 2279 1552 2314 antea
1573 2274 1609 2314 ei

100 2330 362 2384 objecerate:
401 2336 444 2372 et
464 2331 506 2371 id
528 2332 694 2386 quidem
715 2346 824 2372 anno
846 2332 1012 2372 demum
1044 2335 1192 2371 octavo
1224 2330 1384 2370 decimo
1414 2336 1511 2383 post
1540 2345 1611 2384 pa-

100 2386 280 2427 trimonii
305 2387 547 2428 divisionem
562 2387 585 2436 f,
610 2393 651 2428 et
674 2388 870 2443 vigesimo
897 2387 1064 2428 circiter
1093 2387 1271 2441 amplius
1300 2391 1397 2441 post
1420 2386 1612 2427 Pasionis

143 2497 161 2515 ¹²
185 2493 347 2524 Demosth.
374 2494 408 2524 in
436 2494 544 2533 Steph.
571 2494 596 2524 Ι.
621 2505 650 2534 p.
675 2505 764 2525 1102.
789 2502 821 2526 et

102 2533 191 2565 Orat.
210 2536 254 2565 II.
272 2546 299 2575 p.
317 2545 394 2576 1135
412 2537 511 2566 initio.

143 2582 161 2599 Χ
184 2577 346 2609 Demosth.
364 2589 420 2618 pro
438 2580 567 2609 Phorm.
585 2590 613 2619 p.
632 2579 695 2620 946
711 2591 755 2619 sq.

144 2627 163 2650 y
188 2620 350 2651 Demosth.
377 2622 491 2651 ibidem
519 2633 549 2661 p.
572 2630 645 2662 947.
670 2623 723 2652 ubi
751 2622 820 2652 ani-

101 2663 316 2693 madvertatur
341 2664 434 2694 dictio
461 2663 700 2701 δοκιμασθέντος
725 2669 822 2694 Πασι-

102 2703 222 2743 κλέους,
238 2715 372 2743 quacum
394 2713 593 2744 permutatur
608 2707 707 2737 altera
723 2711 820 2737 Πασι-

103 2747 180 2782 κλῆς
195 2747 269 2787 ἀνὴρ
284 2748 421 2785 γεγονώς
438 2759 468 2787 p.
484 2758 557 2788 950,
573 2758 620 2785 14.
654 2750 704 2780 Cf.
720 2751 821 2789 Berg-

103 2798 187 2819 man.
203 2791 242 2819 ad
258 2790 351 2820 Isocr.
370 2791 486 2830 Areop.
504 2802 534 2830 p.
553 2801 587 2821 12
593 2799 622 2829 5.

150 2836 165 2853 Ζ
189 2832 353 2862 Demosth.
378 2834 448 2862 adv.
478 2833 595 2874 Polycl.
616 2845 647 2873 p.
664 2841 754 2872 1207,
771 2843 819 2864 10.

104 2871 236 2904 Diversa
256 2875 333 2905 haec
355 2875 539 2905 trierarchia
554 2876 680 2906 videtur
698 2877 736 2906 ab
757 2876 820 2913 illa,

106 2924 198 2953 quam
224 2927 320 2956 snpra
345 2918 483 2948 diximus
505 2918 539 2947 in
567 2918 763 2958 Stephanum
790 2929 818 2957 p.

111 2965 207 2991 1102:
229 2965 260 2990 et
283 2960 321 2989 ab
344 2959 441 2990 altera
464 2961 497 2990 in
515 2960 767 3000 Peloponnesum
790 2966 821 2991 et

889 2494 1038 2529 Siciliam,
1065 2494 1103 2523 de
1129 2503 1192 2532 qua
1221 2492 1337 2531 legitur
1363 2492 1396 2522 in
1422 2491 1515 2522 Orat.
1539 2492 1611 2521 adv.

890 2538 1028 2567 Nicostr.
1045 2546 1074 2575 p.
1093 2543 1184 2573 1247,
1204 2544 1240 2573 25
1260 2545 1304 2573 sq.

941 2585 959 2602 a
987 2579 1151 2609 Demosth.
1184 2579 1255 2607 adv.
1287 2576 1447 2617 Polyclem
1478 2587 1508 2616 p.
1532 2585 1587 2606 122
1593 2584 1608 2614 5

888 2631 989 2652 1n1t1o.

941 2665 958 2688 b
987 2662 1152 2694 Demosth.
1180 2672 1236 2701 pro
1264 2661 1393 2691 Phorm.
1422 2671 1452 2698 p.
1478 2669 1552 2699 954,
1574 2661 1611 2690 18

889 2717 954 2747 sqq.
973 2706 1011 2736 cf.
1029 2706 1062 2735 in
1079 2705 1188 2744 Steph.
1207 2705 1233 2733 1.
1250 2713 1282 2742 p.
1301 2712 1390 2740 1101,
1410 2712 1460 2732 20.

932 2754 947 2771 C
972 2748 1136 2779 Demosth.
1155 2757 1210 2786 pro
1228 2746 1356 2775 Phorm.
1374 2755 1406 2783 p.
1422 2745 1484 2783 948
1501 2755 1544 2783 sq.

933 2790 950 2813 d
976 2790 1140 2821 Demosth.
1157 2789 1177 2818 l.
1194 2799 1218 2818 c.

931 2838 947 2856 θ
971 2831 1135 2863 Demosth.
1155 2831 1270 2861 ibidem
1292 2839 1320 2868 p.
1339 2837 1399 2869 945
1418 2834 1450 2859 et
1466 2837 1538 2869 949.
1570 2829 1609 2859 cf.

888 2882 919 2906 et
935 2885 1001 2914 arg.
1019 2875 1110 2905 Orat.
1127 2884 1156 2913 p.
1174 2881 1247 2911 943.

936 2916 948 2940 f
972 2916 1137 2947 Demosth.
1165 2925 1223 2954 pro
1251 2913 1378 2944 Phorm.
1407 2923 1437 2952 p.
1465 2920 1538 2952 950,
1562 2922 1609 2943 11.

890 2960 971 2991 δυοῖν
988 2957 1097 2990 δέοντα
1114 2958 1229 2988 εἴκοσιν
1246 2955 1300 2993 ἔτη
1318 2956 1349 2994 ἐξ
1365 2955 1437 2986 ὅτου
1455 2955 1570 2992 ἐνείμω.
