1935 3200
309 114 417 154 1142
646 117 968 159 ADVERSUS
1001 119 1479 163 PANTAENETUM.

304 219 424 260 nobis
449 220 571 261 dares
595 222 806 273 locarium,
829 225 940 278 quod
965 232 1167 280 aequaret
1195 242 1365 268 usuram
1391 228 1592 282 pecuniae
1620 229 1697 270 tibi
1726 243 1814 271 cres

304 275 430 316 ditae.
463 277 713 319 SOHAEF.

361 342 456 386 975.
487 347 495 372 ι
506 345 545 387 5.
577 335 621 374 οὐ
640 337 1079 393 μόνον-ἱκετεύοντος]
1105 339 1164 379 Te
1188 354 1270 379 non
1296 340 1384 393 jam
1406 341 1538 380 solum
1553 342 1741 395 jubente,
1765 348 1813 383 ut

303 393 401 428 ante
432 389 600 437 feceras,
624 392 696 431 sed
725 392 865 441 etiam,
889 395 999 447 quod
1026 400 1126 436 ante
1157 410 1239 435 non
1269 396 1438 446 feceras,
1470 398 1742 451 supplicante,
1765 403 1814 439 ut

302 444 545 486 faceremus.
579 447 771 488 REISK.

360 511 411 553 97
416 512 454 555 5,
483 505 545 542 16.
579 505 619 543 τί
651 506 1010 557 οῧνῄσυνθῆκαις]
1048 507 1156 558 Quid
1189 508 1255 548 hic
1286 508 1378 556 loci,
1410 509 1488 549 hoc
1513 514 1701 564 tempore
1733 510 1812 551 sibi

302 556 445 597 volunt
466 558 558 599 illae
579 561 691 613 pacti
708 561 902 602 tabulae?
933 563 1032 616 quid
1063 565 1119 604 ad
1146 579 1217 604 eas
1248 567 1475 618 provocas?
1506 580 1579 605 cur
1600 581 1669 606 eas
1698 581 1808 607 com-

301 617 534 655 memoras?
565 616 760 658 REISK.

359 681 453 725 975,
480 685 544 724 17.
576 673 707 728 τοῦτο]
731 673 897 714 Scilicet
918 675 960 714 τὸ
983 676 1069 727 περὶ
1090 680 1166 717 τῶν
1188 680 1401 727 συνθηκῶν.
1434 677 1628 719 REISK.

358 737 452 780 975,
479 741 543 782 23.
577 730 794 784 ἐωνήμεθα]
830 732 1052 782 ἀπεδόμεθα
1074 734 1129 772 A.
1181 732 1364 773 Videtur
1394 738 1617 788 utrumque
1647 739 1812 775 senten-

299 782 384 822 tiae
405 785 681 826 necessarium
703 802 804 827 esse.
867 787 1004 838 Quare
1035 789 1091 828 sic
1123 789 1263 829 malim
1288 790 1392 844 legi;
1428 791 1451 830 ἃ
1473 793 1547 842 γὰρ
1567 792 1675 842 ἡμεῖς
1694 791 1812 831 πέντε

301 840 363 878 καὶ
401 842 540 881 ἑκατὸν
570 847 677 892 μνῶν
710 844 909 894 ἐωνήμεθα
943 846 1004 884 καὶ
1037 847 1273 896 ἀπεδόμεθα,
1306 845 1411 886 ταῦθ’
1445 848 1677 898 &crepon—m
1717 862 1812 888 nam

298 909 398 948 quem
428 904 578 937 cantum
598 906 632 938 et
653 901 824 954 quinque
843 901 964 942 ominis
983 907 1016 941 et
1037 916 1251 942 emeramus
1275 908 1310 942 et
1340 917 1479 943 rursus
1508 904 1816 944 vendideramus

298 953 501 1003 tantidem,
523 970 568 995 ea
586 957 835 1009 postmodum
865 964 978 998 ίιι-.
1010 958 1207 998 REISK.
1269 959 1363 999 Non
1393 959 1610 1000 assentior.
1674 960 1814 1014 Oppo-

299 1007 396 1049 Sitio
417 1015 482 1050 est
503 1011 614 1052 intel·
636 1013 741 1063 ἡμεῖς
763 1013 962 1064 ἐωνήμεθα
983 1020 1025 1054 eb
1047 1015 1191 1055 ἀπέδου
1213 1016 1273 1055 σύ.
1308 1015 1560 1056 SCHAEF.

358 1077 453 1118 975,
479 1068 543 1109 28.
571 1067 897 1124 ’Έχων-τιμὴν]
924 1071 1067 1111 Verba
1088 1071 1191 1111 haec
1222 1071 1323 1110 mihi
1345 1072 1521 1112 obscura
1542 1087 1632 1112 esse
1659 1072 1811 1112 fateor.

298 1122 496 1163 REISK.
559 1125 628 1164 Ad
650 1125 697 1174 ἣν
719 1127 880 1176 ἐπείσθη
902 1127 1078 1167 subaudi
1099 1128 1173 1167 ὑπὸ
1194 1132 1269 1167 τῶν
1291 1128 1521 1178 ὠνουμένων
1541 1129 1660 1181 ἔχειν.
1710 1129 1812 1168 Jam

296 1193 384 1218 cnm
414 1181 605 1233 acceperit
635 1182 810 1233 officinae
830 1184 1026 1235 pretium,
1046 1184 1152 1237 qaod
1179 1184 1283 1223 inter
1306 1184 1436 1237 ipsum
1466 1191 1696 1238 autoresque
1726 1199 1813 1225 con-

297 1242 466 1275 venerat.
527 1236 705 1277 Sensus:
740 1239 843 1279 Cum
866 1239 1073 1279 officinam
1094 1244 1183 1280 tam
1206 1241 1311 1279 bene
1333 1240 1578 1289 vendiderit,
1601 1240 1725 1294 idque
1745 1255 1814 1281 mc

296 1296 468 1331 auctore
489 1297 532 1332 et
554 1307 766 1345 sponsore.
804 1295 1057 1335 SOHAEF.

355 1350 449 1400 976,
481 1363 512 1387 1.
546 1350 658 1392 αὐτὸς
692 1354 798 1390 δυοῖν
829 1352 1038 1392 ταλάντοιν
1074 1352 1386 1405 προσδικάζεται]
1426 1352 1552 1393 Tanti
1578 1354 1813 1393 Pantaene-

295 1408 385 1443 tum
436 1405 680 1446 aestimasse
728 1407 925 1447 mulctam
973 1423 1023 1447 ex
1074 1408 1134 1459 iis,
1178 1423 1283 1461 quae
1334 1417 1577 1461 sequuntur,
1619 1414 1810 1463 apparet.

299 1460 487 1501 WOLF.

352 1520 448 1570 976,
479 1529 513 1569 7.
547 1519 707 1572 βιαίων]
751 1519 885 1559 Valde
919 1524 1171 1573 suspectum.
1236 1521 1375 1560 Possit
1412 1521 1579 1574 quidem
1613 1522 1812 1575 quodam-

292 1573 416 1612 modo
437 1575 629 1615 excusari
653 1580 695 1615 et
716 1576 879 1615 delendi
909 1576 965 1615 sic
995 1576 1338 1630 interpretando:
1373 1579 1434 1618 καὶ
1455 1580 1502 1617 τὰ
1522 1579 1664 1627 βιαίων
1685 1578 1811 1628 ἀδική-

291 1646 407 1678 ματα.
449 1636 497 1670 ut
518 1631 763 1671 vocabulum
797 1632 1011 1682 ἀδικήματα
1033 1647 1055 1671 e
1076 1633 1266 1686 proximo
1292 1633 1371 1672 huc
1394 1648 1557 1687 quoque
1588 1634 1809 1674 referatur.

291 1685 448 1725 incusat
469 1701 526 1725 me
547 1688 811 1740 iajzwiamcm,
832 1703 933 1742 quae
962 1689 1080 1728 solent
1101 1688 1150 1728 al)
1171 1688 1389 1728 hominibus
1410 1689 1642 1736 audacibus,
1666 1690 1812 1730 violen-

292 1741 357 1789 tis,
389 1741 619 1791 latrom‘bus,
653 1745 816 1783 sicariis
839 1745 1000 1797 peragyi.
1063 1745 1145 1784 Sed
1175 1759 1225 1785 ea
1258 1745 1367 1785 ratio
1399 1745 1499 1785 mihi
1534 1750 1681 1786 coacta
1712 1750 1755 1786 et
1785 1761 1812 1787 a

291 1798 525 1851 graecitate
557 1800 786 1839 abhorrens
817 1800 993 1847 videtur,
1056 1800 1194 1851 Quare
1225 1801 1365 1840 malim
1396 1804 1504 1851 βίαν.
1568 1802 1707 1841 Versu
1739 1817 1812 1842 au-

292 1858 378 1893 tem
412 1868 470 1894 11.
504 1857 648 1905 βιαίων
678 1856 783 1896 bene
816 1857 957 1896 habet.
992 1857 1184 1896 REISK.
1250 1856 1482 1910 Vulgatam
1518 1862 1631 1897 recte
1666 1862 1815 1898 tuetur

293 1909 641 1951 Hemsterhusius
662 1913 855 1966 Append.
880 1912 1192 1952 Animadverss.
1217 1913 1257 1952 in
1283 1913 1455 1953 Lucian.
1479 1928 1519 1967 p.
1546 1927 1609 1954 20.
1649 1913 1811 1954 Eadem

291 1966 513 2007 locutionis
535 1968 701 2008 inflexio
724 1969 901 2008 recurrit
923 1984 958 2007 v.
984 1982 1044 2008 10.
1078 1969 1331 2009 SOHAEF.

350 2025 447 2076 976,
475 2037 536 2063 10.
568 2026 663 2075 ὑπὲρ
685 2025 906 2074 τιμημάτων
928 2029 1003 2064 τῶν
1025 2025 1170 2077 αὐτῶν]
1211 2025 1395 2065 Subaudi
1418 2026 1686 2076 ἀγωνίζονται.
1728 2040 1814 2066 reos

289 2077 428 2118 horam
450 2080 624 2119 οιιιιιιῗιιηι
646 2081 859 2120 erinacium
887 2095 962 2120 non,
983 2081 1136 2120 eaedem
1157 2087 1314 2120 manent
1335 2095 1500 2134 poenae,
1522 2095 1642 2135 neque
1661 2087 1812 2122 certant

290 2134 351 2174 rei
380 2149 497 2188 super
516 2150 570 2183 eo,
591 2142 633 2175 ut
653 2136 807 2176 easdem
828 2151 853 2176 α
874 2150 910 2175 se
923 2151 1074 2189 poenas
1095 2137 1304 2188 depellant.
1338 2137 1531 2176 REISK.
1595 2137 1703 2188 Quid
1736 2151 1812 2177 nos

292 2190 404 2244 cogit
425 2192 648 2231 subaudire
671 2193 937 2243 ἀγωνίζονται,
962 2207 1055 2231 cum
1086 2192 1189 2232 haec
1221 2192 1360 2232 onmia
1385 2193 1597 2246 pendeant
1617 2193 1670 2233 ab
1693 2197 1811 2233 ante-

293 2246 538 2286 cedentibus
560 2249 805 2287 τούτων-αἱ
827 2248 951 2287 binae?
983 2248 1232 2288 SOHAEF.

351 2305 445 2356 976,
477 2317 485 2341 l
504 2316 537 2342 Ι.
561 2305 608 2342 τὰ
630 2307 705 2343 τῶν
727 2303 889 2356 βιαίων]
912 2305 960 2342 τὰ
979 2304 1065 2354 περὶ
1086 2308 1162 2343 τῶν
1182 2306 1324 2353 βιαίων
1346 2305 1399 2344 Α.
1446 2304 1811 2358 Praepositionem

294 2358 450 2398 addidi.
513 2359 583 2398 Ad
613 2361 659 2398 τὰ
691 2359 939 2398 subauditur
971 2359 1206 2410 ἐγκλήματα,
1230 2360 1283 2399 ad
1309 2364 1385 2400 τῶν
1405 2361 1547 2410 βιαίων
1568 2365 1710 2400 autem
1732 2362 1810 2400 ἀδι-

293 2415 482 2465 κημάτων.
515 2414 728 2464 ἀδικήματα
749 2417 862 2464 βίαια
882 2415 1203 2468 appellabantur
1233 2430 1306 2455 eae
1336 2416 1528 2470 injuriae„
1552 2430 1657 2470 quae
1688 2416 1810 2456 alicui

290 2485 384 2510 cum
403 2475 552 2524 aperta
572 2471 610 2511 vi
632 2476 675 2511 et
696 2470 964 2524 oppressione
986 2471 1309 2525 imponerentur.
1343 2472 1537 2512 REISK.
1597 2473 1685 2523 περὶ
1711 2472 1810 2512 omi-

290 2526 346 2567 sit
367 2527 547 2567 Bekker.
610 2527 729 2578 Quod
762 2532 875 2566 recte
907 2527 1063 2567 factum
1084 2532 1200 2580 puto.
1243 2530 1290 2567 τὰ
1312 2532 1388 2568 τῶν
1409 2529 1563 2578 βιαίων,
1586 2542 1685 2581 qaae
1703 2542 1808 2581 spec-

291 2588 377 2623 tant
398 2584 456 2622 acl
473 2586 520 2623 τὰ
541 2585 667 2633 βίαια.
730 2582 843 2622 Nihil
864 2587 1005 2622 autem
1028 2583 1376 2623 subaudiendum.
1410 2583 1666 2624 SGHAEF.

349 2638 443 2690 πρὸς
481 2640 568 2681 τοὺς
615 2637 918 2691 τετταράκοντα]
973 2639 1142 2679 Scilicet
1180 2642 1363 2682 δικαστὰς
1404 2639 1641 2691 εἰσάγονται.
1694 2639 1810 2679 Oitat

292 2695 402 2734 hunc
435 2695 569 2735 locum
608 2694 922 2748 Harpocration
956 2709 991 2734 v.
1029 2697 1137 2734 Κατὰ
1175 2695 1323 2745 δήμους.
1377 2695 1494 2736 Conf.
1527 2694 1720 2735 Valesius
1754 2696 1809 2735 ad

294 2751 551 2804 Harpocrat.
603 2766 642 2804 p.
666 2764 756 2800 104.
792 2750 986 2790 REISK.
1048 2751 1225 2790 Fallitur
1265 2751 1517 2791 subaudiens
1566 2751 1806 2802 εἰσάγονται.

294 2807 347 2846 V.
363 2812 448 2848 not.
461 2808 514 2848 ad
532 2823 567 2847 v.
588 2821 648 2846 10.
663 2807 775 2846 -V.
795 2806 1808 2861 Anecd.l3ekk.p.306,15.310‚21.SGHAEF.

352 2866 446 2916 976,
468 2877 531 2916 13.
555 2865 623 2905 τὰς
644 2865 904 2914 παραγραφὰς
926 2862 1251 2915 ἀντιλαγχάνειν]
1277 2864 1610 2915 παραγράφεσθαι
1629 2864 1680 2913 μὴ
1703 2865 1810 2903 εἰσα-

295 2920 468 2970 γώγιμον
491 2920 588 2959 εἶναι
610 2919 680 2969 τὴν
702 2920 822 2969 δίκην.
849 2918 1038 2957 WOLF.
