1956 3236
768 717 1016 764 XXVIII.

422 842 821 895 ADVERSUS
862 840 1249 893 APHOBUM
1294 840 1369 891 II.

195 1099 291 1153 835,
312 1111 352 1152 3.
384 1101 403 1138 ὁ
435 1098 590 1140 πάππος
621 1099 768 1150 ὤφειλε
795 1117 826 1138 κ.
853 1115 885 1138 τ.
908 1098 966 1150 λ.]
1003 1097 1082 1149 Qui
1114 1096 1323 1135 debebant
1358 1094 1532 1142 aerario,
1567 1093 1652 1133 illo-

136 1169 228 1195 rum
250 1156 359 1195 bona
378 1155 480 1195 fisco
501 1154 670 1195 addicta
692 1159 814 1194 erant
832 1171 839 1194 :
872 1154 1042 1207 propria
1070 1153 1255 1206 ipsorum
1284 1151 1427 1204 itaque
1453 1151 1521 1190 illa
1543 1151 1653 1189 bona

136 1226 219 1251 non
250 1216 382 1252 erant.
445 1212 713 1265 Quapropter
741 1211 869 1251 etiam
898 1211 966 1250 illa
995 1211 1148 1261 φανερὰ
1179 1210 1421 1257 καταστῆσαι
1449 1221 1531 1246 11011
1563 1212 1653 1259 [1οὓ

136 1274 271 1317 erant,
294 1268 333 1307 h.
358 1282 391 1308 e.
416 1282 558 1307 eorum
580 1268 761 1307 valorem
781 1267 893 1320 apud
915 1272 1182 1320 quaestorem
1210 1263 1360 1304 aerarii
1388 1263 1509 1303 edere
1532 1268 1574 1302 et
1595 1262 1653 1302 sic

135 1338 303 1364 censum
337 1324 649 1364 convenientem
681 1324 927 1377 dependere.
964 1322 1158 1362 REISK.
1222 1319 1521 1374 Intelligendus
1554 1333 1654 1358 avus

141 1380 431 1421 Demosthenis
452 1384 679 1429 maternus,
703 1379 868 1419 nomine
886 1379 1035 1433 Gylon.
1052 1378 1106 1417 V.
1125 1393 1164 1431 p.
1185 1378 1279 1430 836,
1298 1378 1356 1416 18.
1394 1376 1652 1416 SGHAEF.

137 1436 195 1477 Et
216 1437 415 1477 Aeschin.
437 1451 471 1476 c.
495 1436 679 1490 Ctesiph.
702 1451 741 1489 p.
765 1438 831 1487 78,
853 1449 913 1485 14.

194 1494 288 1547 836,
304 1507 343 1545 3.
368 1495 530 1543 ἐκεῖνος]
565 1492 695 1532 Pater
714 1490 1013 1532 Demosthenis
1034 1489 1227 1530 oratoris.
1262 1488 1456 1528 REJSK.
1522 1487 1654 1526 Immo

134 1564 248 1590 avus.
291 1549 544 1590 SCHAEF.

194 1607 289 1659 836,
305 1619 345 1657 4.
366 1604 519 1656 ὦφλεν]
557 1604 672 1644 Male
694 1604 775 1644 duo
798 1603 959 1644 codices
982 1603 1166 1653 ὤφειλεν,
1190 1600 1287 1640 licet
1307 1600 1415 1639 infra
1438 1614 1476 1638 v.
1500 1614 1538 1651 9.
1561 1613 1655 1639 eum

135 1661 285 1702 ceteris
316 1661 358 1701 in
389 1660 525 1711 ὦφλεν
546 1660 822 1701 consentiant.
872 1661 1051 1711 ὀφείλειν
1072 1662 1135 1697 est
1156 1656 1303 1703 debere,
1327 1657 1470 1707 ὀφλεῖν
1492 1655 1654 1695 mulcta-

134 1724 218 1759 tum
238 1732 328 1759 esse.
370 1723 393 1739 “
409 1717 576 1758 Scilicet
598 1722 761 1757 tutores
784 1714 1079 1756 Demosthenis
1105 1713 1351 1753 mandatum
1381 1711 1459 1751 sibi
1489 1712 1543 1751 ab
1565 1712 1654 1764 ejus

134 1779 256 1828 patre
286 1774 584 1814 simulaverant
611 1778 659 1813 ut·
686 1773 759 1812 filii
788 1771 1087 1826 patrimonium
1111 1785 1163 1809 ne
1189 1769 1399 1809 elocarent
1429 1772 1655 1821 propterea

136 1831 248 1884 quod
282 1845 384 1871 avus
417 1831 506 1883 ejus
539 1832 588 1884 τῷ
621 1830 792 1882 δημοσίῳ
824 1830 999 1880 ὀφείλων
1031 1827 1299 1875 ἐτελεύτησεν,
1331 1825 1371 1863 11.
1400 1839 1434 1863 e.
1462 1828 1654 1863 mortuus

134 1891 245 1928 esset
264 1886 432 1932 mulcta,
454 1886 509 1927 ad
531 1900 655 1939 quam
676 1885 978 1924 condemnatus
999 1887 1106 1930 erat,
1129 1881 1294 1921 aerario
1321 1894 1403 1919 non
1425 1879 1652 1932 persoluta.

137 1943 284 1984 Testes
308 1947 450 1983 autem
472 1957 575 1996 quos
605 1941 892 1994 produxerant
919 1954 1002 1979 11011
1034 1938 1135 1977 illud
1156 1939 1206 1979 ὡς
1227 1937 1399 1987 ὤφειλεν
1421 1935 1652 1985 edixerant,

136 2000 210 2039 sed
232 2001 281 2042 ὡς
301 1999 450 2050 ὦφλεν,
474 1999 513 2038 11.
532 2013 566 2038 e.
589 2012 672 2036 non
694 2012 787 2036 eum
810 1996 1041 2036 debitorem
1063 1994 1198 2035 adhuc
1219 1992 1357 2039 fuisse,
1374 2006 1500 2045 quum
1523 2006 1654 2031 more-

135 2060 266 2104 retur,
299 2055 372 2095 sed
407 2069 495 2094 esse
531 2054 756 2106 aliquando
789 2053 844 2093 ad
878 2052 1078 2091 mulctam
1111 2049 1448 2090 condemnatum.
1509 2047 1653 2100 Atque

136 2112 214 2152 hoc
245 2115 333 2165 ipse
359 2110 664 2150 Demosthenes
694 2124 777 2148 11011
810 2114 948 2163 negat,
971 2107 1071 2147 illud
1099 2107 1278 2146 alterum
1309 2104 1534 2144 confictum
1565 2117 1654 2143 esse

135 2167 317 2222 arguit.’'
350 2165 738 2208 SCHOEMANN.
760 2165 816 2205 ad
838 2165 1004 2205 Isaeum
1025 2178 1064 2216 p.
1088 2164 1184 2216 360.

195 2225 289 2277 836,
319 2234 359 2278 5.
391 2223 622 2274 ἐνεβάλετο]
673 2221 840 2262 Scilicet
875 2221 1098 2272 μαρτυρίαν.
1136 2217 1330 2257 REISK.
1400 2215 1656 2269 Intelligitur

136 2285 279 2321 autem
301 2283 356 2322 εἷς
376 2279 444 2319 τὸν
466 2281 612 2331 ἐχῖνον,
637 2278 748 2332 quod
776 2277 986 2318 interdum
1016 2274 1202 2322 additur,
1222 2278 1270 2313 ut
1291 2288 1330 2326 p.
1353 2284 1473 2326 1203,
1499 2273 1563 2311 26.
1592 2273 1656 2321 ἐμ-

135 2336 364 2387 βαλομένου
386 2337 479 2386 ἐμοῦ
501 2337 616 2387 ὅρκον
634 2337 685 2377 εἰς
707 2334 775 2374 τὸν
792 2335 939 2386 ἐχῖνον.
983 2331 1225 2371 “Nimirum
1250 2330 1353 2369 haee
1376 2342 1540 2382 quoque
1562 2332 1655 2367 erat

137 2393 308 2447 Aphobi
343 2391 520 2440 malitia,
548 2391 659 2445 quod
693 2390 793 2430 illud
828 2388 1115 2430 testimonium
1149 2401 1233 2426 non
1265 2390 1364 2426 ante
1396 2390 1656 2438 postremum

137 2449 248 2489 diem
281 2451 348 2499 τῆς
387 2447 622 2499 ἀναιρέσεως
656 2446 803 2487 attulit
838 2452 882 2486 et
922 2445 965 2485 in
1002 2447 1136 2497 ἐχῖνον
1173 2441 1364 2495 conjecit,
1400 2455 1480 2494 quo
1518 2439 1655 2478 minus

137 2505 264 2559 spatii
284 2504 524 2545 adversario
544 2504 728 2552 daretur,
752 2502 785 2542 si
804 2502 903 2556 quid
924 2501 1045 2542 vellet
1062 2503 1210 2540 contra
1230 2497 1419 2539 afferre.”
1446 2495 1655 2537 SCHOE-

140 2561 333 2601 MANN.
355 2561 380 2601 l.
404 2575 438 2600 c.

197 2619 290 2670 836,
314 2631 377 2657 11.
407 2617 427 2656 ὃ
460 2617 521 2656 καὶ
549 2617 660 2666 ἡμεῖς
691 2614 1031 2667 ἀμφισβητοῦμεν]
1070 2612 1183 2663 Quod
1210 2611 1328 2652 etiam
1358 2623 1425 2650 nos
1454 2620 1653 2662 ozeyamzcs.

196 2730 414 2781 ἐξεγένετο]
451 2728 494 2769 Si
524 2727 644 2767 nobis
675 2726 870 2775 licuisset,
903 2725 1060 2766 seilicet
1091 2728 1222 2764 testes
1253 2722 1494 2777 producere,
1518 2732 1652 2770 neque

138 2785 356 2825 fuissemus
377 2786 430 2825 ab
452 2783 656 2838 angustiis
677 2783 876 2837 temporis
905 2781 1059 2822 exclusi
1090 2795 1164 2835 per
1190 2778 1432 2819 insidiosam
1453 2774 1655 2814 callidita-

139 2846 226 2882 tem
253 2841 435 2895 Aphobi,
459 2841 528 2894 qui
558 2841 665 2880 hanc
695 2844 860 2894 partem
889 2837 1167 2879 accusationis
1198 2835 1253 2876 ad
1282 2838 1515 2874 extremum
1547 2829 1656 2869 diem

139 2902 436 2945 reservaverat,
453 2911 535 2951 quo
556 2896 674 2936 nobis
696 2896 829 2936 otium
851 2909 902 2934 ne
923 2898 1157 2948 superesset
1180 2887 1456 2946 producendis
1475 2885 1655 2927 testibus

140 2954 247 2994 hane
269 2953 519 2994 calumniam
540 2952 762 2993 refutandi.
805 2951 1007 2992 REISK.
