1935 3200
307 124 418 167 1192
661 125 982 166 ADVERSUS
1017 125 1463 168 MACARTATUM.

369 238 488 282 1053,
515 231 578 269 26.
613 230 772 284 ἑαυτῶν]
797 230 1031 270 Eubulidae
1052 237 1095 271 et
1117 231 1323 285 Hagniae.
1357 231 1550 272 REISK.

368 295 487 338 1054.
511 299 548 339 3.
584 287 828 339 ἐφρατρίαζε]
858 286 941 326 Α111
959 287 1052 326 libri
1076 288 1290 339 ἐφράτριζε,
1314 302 1421 341 quae
1441 288 1574 329 forma
1594 289 1746 344 legitur
1775 290 1817 330 in

306 340 475 380 decreto
495 356 561 394 ap.
588 341 797 395 Harpocr.
819 357 850 383 s.
875 357 911 383 v.
944 345 1163 383 ναυτοδίκαι
1194 348 1236 384 et
1267 358 1332 397 ap.
1357 344 1476 384 eund.
1501 359 1531 384 s.
1557 360 1590 385 v.
1614 345 1816 397 φρατέρες,

305 396 375 436 ubi
398 400 619 448 φρατρίζειν
639 398 823 451 explicat
844 401 888 438 τὸ
911 402 974 449 τῆς
996 400 1110 449 αὐτῆς
1132 401 1320 451 φρατρίας
1340 400 1530 452 μετέχειν.
1569 402 1820 453 φρατριάζειν

305 467 402 492 vero
423 453 535 506 apud
558 453 715 494 Pollue.
739 469 779 509 3,
792 469 861 508 51.
895 455 976 495 Sed
998 456 1110 509 apud
1129 456 1345 495 Demosth.
1364 471 1505 496 verum
1526 457 1690 497 videt-ur
1707 457 1818 512 quod

307 508 347 549 S.
372 509 419 560 Q.
451 515 671 550 servarunt
707 512 925 562 ἐφατρίαζε,
956 526 1062 565 quae
1091 513 1225 552 forma
1253 512 1405 566 legitur
1434 512 1474 551 in
1506 513 1647 567 Etym.
1676 515 1736 554 M.
1774 529 1814 568 p.

307 576 399 619 799,
422 579 489 618 32.
514 570 556 606 et
578 566 731 607 diserte
752 568 995 622 agnoscitur
1015 568 1068 608 ab
1090 568 1316 608 Eustathio
1337 569 1391 609 ad
1420 568 1545 609 Hom.
1568 584 1608 623 p.
1631 583 1725 625 239,
1748 583 1816 624 31.

305 625 347 661 et
368 621 437 661 ubi
460 622 699 673 φατριάζειν,
722 625 839 675 χωρὶς
859 628 926 663 τοῦ
945 641 979 675 ρ,
1005 625 1273 676 εὐφωνότερον
1294 624 1447 665 dicitur
1467 640 1506 679 p.
1526 636 1619 679 735,
1636 640 1705 679 51.

365 688 487 732 1054,
527 691 562 730 7.
613 679 690 719 οὐδ’
733 680 1008 734 ἀπάγοντα-]
1063 681 1113 731 μή
1163 682 1203 720 τί
1230 698 1276 732 γε
1324 681 1497 733 φέροντα
1553 683 1623 732 τὴν
1662 686 1815 735 ψῆφον.

359 791 512 844 βωμοῦ]
553 791 657 832 Post
687 792 727 832 h.
752 807 788 832 v.
811 793 929 834 deest
959 793 1130 847 aliquid,
1153 808 1187 834 e.
1211 808 1244 833 c.
1269 794 1289 833 ὃ
1311 795 1388 834 ἔδει
1417 798 1555 841 ποιεῖν,
1579 795 1684 848 quod
1706 809 1817 848 opor—

302 846 403 887 tebat
434 862 521 887 eccm
549 850 704 902 fimare„
746 849 857 901 (11.0.
895 850 1150 904 oportuisset
1184 854 1326 890 autem
1360 851 1673 905 Theopompum
1716 851 1817 904 [imo

304 903 632 958 Macartatum}
665 906 718 946 ab
755 921 828 946 ara
867 906 1074 947 abducere
1114 907 1353 959 victimam.)
1397 912 1472 947 aut
1512 908 1579 947 οὐκ
1616 907 1664 947 ἂν
1705 907 1814 957 ποιή-

302 977 439 1009 σαντα,
472 962 576 1014 quod
608 962 676 1003 ille
703 976 780 1002 non
813 969 900 1003 erat
917 964 1124 1016 facturus,
1162 964 1222 1014 (h.
1245 977 1279 1003 e.
1316 978 1459 1003 verum
1490 963 1556 1003 ille
1592 977 1673 1003 11011
1702 978 1815 1003 recu—

301 1022 436 1056 sasset
457 1017 668 1058 victimam
698 1019 938 1070 abducere.)
961 1019 996 1059 si
1017 1026 1116 1059 certo
1144 1021 1302 1060 novisset
1332 1020 1433 1059 laune
1456 1034 1628 1072 puerum
1649 1026 1818 1073 praeter

289 1073 366 1126 fas
386 1073 661 1127 imploratores
683 1075 832 1115 durlaci.
866 1076 1058 1115 REISK.
1104 1075 1216 1115 Nihil
1239 1077 1368 1116 deest.
1409 1076 1589 1116 Ridetur
1610 1076 1816 1116 calumnia

300 1129 526 1184 religionis,
559 1146 641 1184 qua
676 1131 941 1172 Macartatus
977 1132 1093 1186 pueri
1126 1132 1167 1171 in
1196 1132 1429 1186 phratriam
1459 1132 1747 1186 receptionem,
1781 1132 1815 1171 si

301 1190 457 1240 posset,
481 1187 678 1228 eluderet.
714 1187 827 1227 Conf.
851 1203 891 1242 p.
913 1189 1032 1241 1078,
1054 1201 1117 1228 21.
1153 1189 1396 1229 SGHAEF.

366 1256 412 1282 10
414 1255 482 1296 54,
504 1244 538 1283 ὃ.
573 1244 707 1285 αὐτοὺς
729 1245 759 1283 δ’
783 1246 963 1294 ἀξιοῦντα
984 1245 1191 1298 ἐπιορκεῖν]
1216 1245 1398 1285 Alnarus
1420 1259 1662 1285 sarcasmus.
1717 1244 1816 1284 Per-

295 1298 394 1352 jurii
416 1299 755 1340 terriculamento
780 1301 1045 1341 Macartatus
1068 1301 1232 1342 volebat
1254 1301 1491 1355 pervincere
1522 1306 1570 1341 ut
1595 1301 1815 1355 phratores

300 1370 429 1408 puero
451 1371 502 1396 ne
523 1356 864 1411 suffragarentur.
899 1357 1144 1398 SUHAEF.

362 1424 481 1465 1054,
506 1426 543 1465 9.
566 1414 641 1452 ἀπὸ
663 1417 730 1452 τοῦ
749 1415 904 1467 βωμοῦ]
932 1414 985 1453 V.
1008 1414 1062 1454 ad
1084 1429 1124 1467 p.
1147 1426 1238 1464 271.
1260 1426 1324 1463 27.
1359 1413 1604 1455 SGHAEF.

364 1482 481 1522 1054,
514 1482 571 1508 11.
605 1471 857 1521 ἐψηφίσαντο
889 1472 935 1510 τὰ
966 1471 1108 1524 δίκαια]
1133 1471 1248 1521 Quae
1282 1471 1449 1510 fuerunt
1481 1470 1575 1510 illa?
1606 1471 1674 1510 τὸν
1695 1474 1814 1511 παῖδα

301 1526 453 1565 τουτονὶ
477 1525 720 1577 εἰσάγεσθαι,
744 1527 828 1566 ἀντὶ
847 1530 915 1566 τοῦ
936 1528 994 1566 ὅτι
1017 1527 1228 1578 εἰσάγεται.
1290 1527 1356 1567 Sic
1387 1527 1495 1567 malo
1512 1527 1698 1580 accipere
1727 1530 1814 1568 εἰδι-

304 1586 372 1623 κῶς
408 1596 532 1635 quam
568 1586 738 1632 τελικῶς,
773 1588 819 1623 ut
851 1588 950 1623 ante
984 1583 1115 1623 verti:
1159 1583 1422 1629 dem-wemma
1446 1583 1616 1636 jndices,
1650 1590 1746 1624 recte
1780 1591 1815 1624 et

301 1638 569 1678 convenienter
589 1645 631 1677 vt
653 1653 758 1691 guter
777 1639 841 1678 hic
861 1639 1089 1679 Eubulidae
1102 1640 1219 1692 filius
1240 1640 1283 1679 ’ἱη
1305 1640 1491 1693 Haym'ae
1509 1640 1726 1692 familiam
1752 1641 1813 1680 in—

301 1694 579 1735 troduceretur:
614 1694 758 1748 Neque
774 1709 870 1735 vero
892 1710 956 1735 1110
973 1696 1102 1749 pudet
1124 1696 1295 1736 meliora
1317 1696 1528 1750 pejoribus
1545 1697 1811 1744 substituere,

301 1751 377 1790 etsi
405 1756 447 1791 et
476 1751 545 1791 illa
575 1751 869 1804 interpretatio
887 1752 1165 1791 defensionem
1198 1752 1325 1792 habet
1347 1768 1396 1792 ex
1418 1752 1695 1807 ambiguitate
1717 1768 1812 1793 con-

301 1807 555 1847 structionis.
580 1807 772 1847 WOLF.

366 1876 482 1917 1054,
507 1877 567 1905 12.
590 1866 881 1920 προσηκόντως]
909 1865 1063 1905 Gustuli
1084 1881 1244 1906 comma
1266 1872 1361 1919 post
1383 1868 1667 1916 προσηκόντως.
1704 1866 1813 1906 Nam

301 1919 384 1960 ista
404 1921 542 1965 verba,
565 1922 687 1972 ὀρθῶς
710 1922 770 1960 καὶ
791 1924 1075 1971 προσηκόντως,
1108 1923 1319 1976 pertinent
1349 1923 1401 1963 ad
1434 1922 1683 1962 infinitivum
1707 1922 1812 1962 εἰσά-

300 1980 454 2028 γεσθαι.
507 1977 560 2016 V.
583 1979 762 2030 p.1078,
783 1990 847 2017 20.
883 1979 1083 2018 REISK.

364 2044 482 2086 1054,
518 2047 577 2083 14.
617 2035 839 2088 Εὐβουλίδῃ
872 2049 947 2087 pro
986 2035 1231 2084 Εὐβουλίδην
1266 2050 1316 2075 ex
1358 2035 1541 2076 Dobraei
1574 2035 1813 2089 conjectura

301 2089 556 2136 restitutum,
580 2104 755 2143 quocum
777 2090 864 2143 ipse
886 2096 1103 2144 comparat
1124 2107 1163 2144 p.
1184 2105 1305 2142 1054,
1334 2105 1395 2144 13.
1424 2104 1544 2143 1097,
1569 2106 1605 2144 9.

365 2158 482 2197 1054,
508 2158 567 2198 17.
601 2147 858 2196 κύριον-τὸν
880 2148 1034 2199 ἑαυτοῦ]
1074 2147 1186 2187 Η1110
1215 2152 1393 2200 apparet
1425 2147 1673 2195 Eubuliden,
1697 2148 1813 2201 cujus

301 2200 468 2240 nomine
485 2202 586 2241 haec
609 2202 790 2241 habetur
811 2202 958 2249 oratio,
981 2203 1266 2242 minorenneln
1288 2203 1413 2242 fuisse
1438 2218 1485 2243 ac
1517 2203 1655 2256 potius
1681 2203 1812 2244 infan-

302 2261 400 2297 tem.
428 2257 614 2297 WOLF.
676 2258 794 2297 Haec
820 2272 901 2297 non
923 2259 1120 2313 intelligo.
1181 2259 1355 2299 Exierat
1376 2259 1603 2299 Eubulides
1619 2259 1760 2313 junior
1790 2275 1812 2300 e

302 2318 515 2368 potestate
546 2313 681 2367 patris
708 2313 749 2353 in
780 2319 1035 2367 potestatem
1055 2315 1120 2355 avi
1142 2315 1333 2364 materni,
1366 2316 1597 2355 Eubulidae
1625 2315 1810 2364 senioris,

302 2369 371 2423 qui
402 2374 492 2409 tum
523 2370 659 2410 adhuc
682 2369 722 2409 in
743 2370 844 2410 vivis
865 2375 1094 2424 supererat.
1156 2371 1294 2422 Quare
1320 2371 1461 2425 itaque
1493 2386 1574 2411 non
1595 2387 1718 2412 avum
1739 2387 1810 2412 seu

301 2430 465 2480 patrem
486 2426 728 2480 adoptivum
749 2426 825 2466 sibi
848 2431 1085 2467 curatorem
1105 2427 1392 2468 adsciscebat?
1424 2428 1508 2468 Cur
1534 2428 1707 2468 fratrem
1740 2429 1811 2468 So-

302 2482 405 2522 siam
427 2482 504 2522 sibi
526 2487 760 2522 curatorem
781 2482 972 2531 adscivit,
995 2483 1132 2523 nescio
1154 2498 1208 2524 an
1229 2484 1365 2524 adhuc
1396 2484 1596 2524 minorem
1626 2484 1747 2525 annis
1768 2489 1812 2524 et

302 2538 344 2577 in
370 2538 452 2579 alia
480 2539 602 2578 domo
632 2538 833 2587 relictum,
864 2544 906 2579 et
934 2539 999 2579 cui
1028 2545 1247 2593 praeterea
1279 2540 1379 2580 nihil
1407 2540 1631 2594 potestatis
1659 2541 1700 2580 in
1730 2541 1811 2581 fra-

300 2599 409 2634 trem
438 2594 639 2635 minorem
667 2599 791 2643 esset,
815 2600 993 2648 utroque
1021 2600 1141 2649 patre
1165 2597 1301 2636 adhuc
1330 2597 1582 2651 superstite?
1613 2597 1810 2637 REISK.

305 2651 418 2691 Mira
440 2651 596 2691 Reiskii
619 2651 866 2691 haesitatio:
900 2652 1033 2706 magis
1054 2652 1180 2692 etiam
1208 2652 1314 2693 mira
1335 2653 1483 2693 horum
1503 2653 1722 2693 verborum
1752 2654 1813 2692 in-

300 2707 563 2760 terpretatio,
587 2722 711 2761 quam
732 2708 860 2748 habet
884 2707 974 2747 Ind.
998 2708 1227 2749 Graecitat.
1253 2724 1282 2748 s.
1306 2724 1341 2749 v.
1367 2712 1514 2760 κύριος;
1540 2724 1619 2763 pro
1641 2709 1811 2763 ἶθφὶὐίφηο

300 2763 463 2803 haerede
483 2763 603 2804 scribe·
625 2778 770 2803 ommes
822 2763 987 2804 Scilicet
1009 2779 1102 2804 cum
1124 2780 1224 2804 avus
1256 2765 1369 2819 pueri
1393 2770 1606 2805 maternus
1627 2780 1709 2805 non
1726 2779 1810 2805 am-

303 2819 408 2872 plius
430 2820 585 2860 viveret
609 2824 664 2872 (v.
692 2820 871 2859 Wolfius
892 2820 945 2860 ad
976 2835 1015 2873 p.
1041 2834 1086 2860 10
1091 2834 1157 2874 53,
1184 2823 1280 2871 16.),
1302 2822 1387 2875 ipse
1409 2826 1549 2861 autem
1580 2821 1809 2869 Sositheus,

303 2890 325 2915 0
357 2876 472 2928 cujus
504 2881 715 2930 potestate
747 2890 851 2930 puer
877 2875 1050 2923 exierat.
1080 2879 1204 2928 κύριος
1228 2878 1316 2931 ejus
1344 2892 1393 2917 ex
1428 2878 1575 2918 Attico
1598 2878 1691 2931 jure
1721 2891 1810 2917 esse
