1925 3215
658 151 716 191 IN
752 152 991 193 NEAERA
1004 155 1062 194 M.
1509 160 1616 199 138ss

168 266 284 310 1375,
313 269 374 296 11.
404 258 452 310 τῷ
483 257 604 309 δήμῳ]
631 258 802 298 Absunt
829 259 882 298 ab
903 258 1061 311 aliquot
1091 259 1317 299 codicibus.
1381 259 1500 310 Quod
1531 262 1615 300 nol-

102 311 194 351 lem.
257 312 439 365 Adjeeta
465 319 563 352 sunt
589 313 696 352 enim
725 314 1020 367 significanter,
1042 319 1088 354 ut
1116 315 1218 355 satis
1240 315 1424 357 ostendit
1449 316 1614 358 l'etitus

105 367 190 408 LL.
215 368 347 408 Attio.
371 383 411 422 p.
439 371 530 409 206.
565 369 840 409 TAYLOR.

164 435 283 477 1375,
313 437 371 477 13.
406 424 536 470 ἔπειτ’,
566 425 738 479 ἐπειδᾶν]
772 426 905 465 Sonus
937 426 1084 466 harum
1116 441 1259 466 vocum
1293 428 1489 468 continuo
1522 443 1614 482 pro-

102 480 430 520 nuntiaudarum
468 484 619 534 (neque
652 482 760 521 enim
795 482 994 521 debebam
1033 482 1223 522 dirimere
1260 484 1611 538 iuterpungendo)

101 537 279 576 tortasse
299 537 482 577 offendat
503 552 625 577 aures
647 538 846 578 delicatas
867 538 1112 578 molliorum.
1159 540 1240 578 Sed
1263 542 1368 579 conf.
1392 556 1498 593 quae
1520 556 1614 581 con-

101 592 230 643 gessit
260 592 497 647 lx'ruegerus
519 594 796 634 Commentat.
826 599 920 647 post
957 594 1139 648 Dionysii
1165 595 1302 635 Ilalic.
1328 596 1614 651 Ilistorhigra-

103 648 283 701 1111101111.
308 652 403 703 376.
438 649 687 689 SCHAEF.

165 715 283 758 1375,
312 719 373 755 14.
397 707 417 745 ὁ
439 706 572 758 δῆμος]
600 705 680 745 Hic
700 705 776 745 loci
800 712 863 745 est
886 706 1043 746 lieliaea
1064 707 1260 760 populum
1282 714 1613 761 repraesentans.

104 759 297 800 RElsK.

169 827 284 870 1375,
311 819 374 857 16.
399 817 770 871 ὑπερεξακισχίλιοι]
806 818 952 857 Malim
975 820 1070 869 ὑπὲρ
1094 821 1358 870 ἑξακισχίλιοι.
1409 820 1475 859 Sic
1497 835 1614 860 usur-

102 876 204 925 pata
233 873 333 913 haec
362 873 614 926 praepositio
643 873 827 913 adverbii
857 873 944 913 vice
974 874 1174 927 fungitur.
1239 876 1447 914 Diodorus
1476 876 1552 916 vol.
1579 889 1614 916 2.

103 943 142 981 p.
169 928 265 981 528.
299 930 395 980 ὑπὲρ
429 930 581 980 χιλίων.
616 931 891 982 ἑξακισχιλίων
922 944 1116 970 numerus
1146 931 1334 983 pluribus
1365 931 1405 970 in
1438 932 1615 983 negotiis

102 984 155 1023 ad
183 984 354 1024 ferenda
382 984 579 1037 suffragia
606 985 910 1038 requirebatur.
975 985 1028 1025 V.
1051 1001 1088 1039 p.
1110 997 1202 1038 715.
1225 1000 1262 1039 3.
1293 992 1335 1027 ct
1364 980 1616 1027 Plutarchus

103 1040 155 1079 V.
183 1040 356 1081 Al'istid.
381 1055 415 1080 (¹.
439 1052 476 1094 7.
510 1041 755 1082 SCHAEF.
807 1042 1060 1081 Acclll'atius
1080 1042 1132 1091 μὴ
1154 1044 1319 1082 ἔλαττον
1343 1044 1616 1096 ἑξακισχιλίων

102 1096 208 1136 dixit
231 1097 450 1137 Demosth.
472 1113 511 1151 p.
532 1109 624 1151 715,
647 1112 685 1152 3.
709 1103 751 1138 et
774 1099 843 1138 ἐὰν
870 1099 920 1148 μὴ
951 1100 1227 1150 ἑξακισχιλίοις
1255 1097 1346 1153 δόξῃ
1378 1099 1616 1139 Andocides

103 1167 141 1205 p.
168 1165 231 1202 12,
256 1166 292 1194 2.

168 1221 283 1261 1375,
316 1221 375 1261 17.
416 1211 503 1252 τοὺς
543 1212 584 1250 δὲ
625 1210 1123 1262 πρυτάνεις-καδίσκους]
1172 1210 1235 1249 De
1276 1211 1352 1250 1100
1393 1215 1616 1264 prytanum

102 1264 235 1304 officio
257 1280 292 1304 v.
319 1266 590 1306 Schoemanu.
619 1267 765 1319 Antiq.
788 1266 897 1319 publ.
923 1281 961 1319 p.
988 1277 1080 1307 222.

171 1333 284 1375 1375,
310 1335 374 1362 20.
402 1325 449 1362 τὰ
470 1323 589 1374 γέρρα
612 1322 801 1375 ἀναιρεῖν]
826 1322 1023 1362 Solebaut
1051 1322 1352 1362 nundinatores
1382 1328 1616 1363 scrutorum

103 1377 283 1417 Athenis
308 1378 349 1417 in
371 1378 460 1418 foro
488 1393 625 1418 rerum
646 1378 851 1418 venalium
872 1378 1070 1417 tabernas
1092 1394 1113 1417 e
1135 1378 1321 1418 cratibus
1349 1379 1617 1432 compactiles

103 1433 289 1486 quotidie
316 1435 617 1474 construendas
647 1438 690 1474 et
712 1448 853 1473 rursus
881 1433 1162 1473 demoliendas
1183 1439 1310 1487 atque
1337 1435 1616 1488 asportandus

101 1494 330 1536 exstruere,
363 1491 439 1530 sub
477 1491 625 1544 quibus
660 1490 852 1529 sedentes
886 1490 969 1530 tuti
1004 1491 1058 1530 ab
1095 1490 1295 1530 imbribus
1328 1504 1486 1530 merces
1521 1505 1617 1530 suas

103 1546 343 1586 venderent.
406 1548 499 1587 Has
528 1547 725 1586 tabernas
754 1546 901 1585 Graeci
930 1546 1050 1597 γέρρα
1077 1546 1355 1599 appellabant,
1378 1560 1454 1586 nos
1473 1547 1619 1586 Baden

102 1602 358 1655 appellamus
384 1603 526 1656 [Angli
555 1601 711 1653 bootlcs]
760 1602 876 1642 Citat
904 1602 943 1641 h.
967 1601 991 1640 l.
1017 1601 1328 1654 Harpocration
1356 1602 1396 1641 h.
1419 1617 1456 1642 v.
1485 1603 1617 1656 [cujus

103 1659 229 1698 verba
264 1658 532 1712 apposuimus
566 1658 621 1698 ad
656 1673 697 1711 p.
726 1660 818 1709 284,
844 1659 925 1710 25.]
967 1657 1159 1697 REISK.
1221 1658 1536 1698 Auferebantur
1571 1661 1618 1698 τὰ

104 1713 237 1765 γέρρα,
263 1729 344 1768 (1110
366 1714 503 1768 plures
524 1719 696 1768 possent
721 1713 922 1753 interesse
944 1713 1142 1753 concioni.
1177 1713 1426 1754 SOHAEF.

166 1772 284 1822 1376,
306 1783 346 1820 4.
368 1771 557 1822 πολλοὺς]
586 1770 725 1810 Multa
745 1774 787 1809 et
808 1769 981 1822 antiqua
1006 1769 1128 1823 hujus
1149 1769 1208 1809 rei
1230 1769 1419 1823 exempla
1440 1783 1617 1809 comme-

103 1840 267 1866 morare
288 1831 431 1866 orator
457 1840 677 1879 operosum
698 1825 813 1865 dicit.
875 1825 1141 1878 Quapropter
1168 1825 1272 1864 satis
1292 1825 1421 1864 habet
1442 1824 1619 1864 duorum

103 1896 328 1935 eorumque
348 1882 591 1922 recentioris
612 1881 766 1922 aetatis
790 1881 1041 1920 mentionem
1063 1882 1211 1920 facere.
1245 1880 1496 1921 SCHAEF.

168 1939 285 1990 1376,
308 1949 345 1992 5.
368 1937 681 1987 Ἀπολλωνίδην]
709 1937 762 1976 V.
787 1936 841 1976 ad
862 1951 901 1989 p.
927 1949 1018 1988 125,
1039 1947 1102 1989 15.

167 1995 286 2047 1376,
310 2007 347 2042 7.
378 1995 479 2033 ὥστε
509 1995 666 2044 ἀγνοεῖν
693 1993 807 2047 ὑμᾶς]
834 1991 1048 2031 Potuisset
1070 2006 1234 2045 quoquc
1256 1993 1356 2031 ὥστε
1385 1991 1436 2041 μὴ
1462 1992 1620 2042 ἀγνοεῖν

103 2051 212 2099 ὑμᾶς.
274 2049 512 2102 Utrumque
548 2049 706 2102 pariter
738 2049 854 2096 bene,
887 2048 960 2087 sed
992 2047 1154 2087 diversa
1190 2047 1367 2087 ratione.
1433 2047 1620 2101 Vulgata

105 2105 183 2144 hoc
215 2105 341 2145 dicit:
374 2105 547 2158 exempla
573 2105 665 2144 haec
693 2105 751 2144 ’ἱΐα
783 2110 930 2143 vetusta
962 2118 1036 2142 ιιοιι
1065 2110 1166 2151 sunt,
1200 2110 1241 2143 ut
1271 2117 1413 2143 necesse
1443 2104 1497 2142 sit
1523 2118 1568 2142 ea
1595 2119 1621 2143 α

105 2160 210 2201 vobis
238 2161 430 2215 fflnorari.
491 2160 653 2200 Addita
680 2165 822 2200 autem
843 2159 1037 2213 negativa
1064 2160 1164 2199 haee
1191 2159 1356 2199 exsistit
1383 2159 1617 2199 sententia:

104 2218 281 2270 eoeempla
303 2217 398 2257 haec
418 2223 564 2257 vetusta
596 2231 670 2256 non
696 2222 799 2262 sunt.
821 2230 895 2269 quo
909 2216 963 2267 fit
987 2222 1030 2255 ut
1050 2230 1113 2255 vos
1133 2230 1178 2255 ecc
1199 2215 1400 2268 nequeatis
1420 2215 1618 2269 iqrzorare.

107 2273 300 2313 REISK.

170 2332 287 2381 1376,
314 2342 377 2381 17.
412 2331 505 2379 μηδὲ
539 2330 748 2380 ἱερωσύνης
777 2326 979 2381 μηδεμιᾶς]
1011 2327 1132 2378 Quod
1163 2327 1348 2366 Meierus
1380 2327 1446 2378 (de
1475 2326 1620 2380 gentil.

108 2385 257 2425 Attica
292 2400 330 2439 p.
363 2386 443 2437 28.)
482 2384 839 2438 adscriptitiorum
877 2383 1027 2423 liberos
1067 2383 1262 2436 gentibus
1304 2387 1496 2436 receptos
1534 2382 1623 2421 vult

108 2445 331 2494 propterea
359 2441 469 2494 quod
494 2441 535 2480 11.
557 2441 582 2480 1.
605 2446 648 2480 et
670 2455 707 2493 p.
732 2443 850 2492 1381,
878 2452 941 2480 21.
963 2440 1026 2478 his
1055 2439 1183 2478 etiam
1211 2438 1446 2478 sacerdotia
1474 2451 1621 2490 capere

108 2502 152 2537 et
191 2501 360 2536 τελετῶν
399 2498 440 2536 ἐκ
475 2497 612 2548 γένους
646 2496 872 2548 participes
907 2495 996 2534 fieri
1032 2494 1206 2541 licuerit.
1243 2493 1343 2532 nihil
1379 2494 1491 2533 aliud
1527 2493 1622 2532 111110

108 2552 277 2606 probari
298 2556 439 2605 potest
460 2567 584 2605 quam
598 2552 770 2604 pomis-se
792 2551 1102 2590 Plataeensium
1128 2551 1198 2601 (de
1218 2549 1283 2588 his
1308 2549 1417 2588 enim
1438 2549 1622 2600 loquitur

109 2609 271 2659 orator)
293 2607 488 2661 gentibus
513 2607 665 2660 recipi:
697 2606 924 2660 reeipiendi
952 2605 1244 2645 necessitatem
1268 2604 1462 2657 gentibus
1490 2605 1622 2656 impo-

109 2664 236 2704 sitam
257 2678 339 2703 non
364 2663 497 2702 eredo.
533 2663 937 2702 SCHOEMANN.
962 2661 1109 2713 Antiq.
1134 2661 1245 2713 publ.
1267 2674 1307 2710 p.
1329 2672 1422 2710 207.

174 2721 291 2773 1376,
317 2732 381 2758 22.
411 2719 608 2768 βούλομαι
638 2717 667 2757 δ’
695 2718 861 2773 ὑμῖν-]
894 2718 979 2756 Volo
1010 2723 1138 2756 autem
1168 2715 1289 2754 alfius
1322 2721 1490 2767 repetens
1524 2712 1626 2752 vobis

110 2782 228 2815 antea
249 2788 422 2814 narrare
442 2779 484 2812 ut
505 2773 565 2812 ίαν
585 2773 669 2812 lata
689 2774 809 2812 sz’t———.
876 2772 1149 2826 Intelligenda
1171 2771 1236 2810 lex
1263 2769 1548 2823 Hippocratis,
1572 2769 1623 2808 de

113 2846 195 2884 qua
216 2846 251 2869 v.
277 2845 314 2883 p.
339 2830 458 2882 1381,
481 2841 504 2881 3
529 2843 617 2882 sqq.
653 2828 901 2868 SGHAEF.

177 2887 295 2939 1376,
321 2897 384 2938 23·
413 2886 474 2924 καὶ
493 2884 588 2934 πρὸς
608 2883 960 2936 οὓς-γεγονότας]
983 2883 1100 2922 Idem
1120 2886 1185 2921 est
1206 2895 1253 2920 ac
1275 2880 1308 2919 si
1330 2879 1528 2919 dixisset:
1565 2880 1625 2918 καὶ

114 2943 164 2984 ὡς
186 2942 325 2993 ἁγαθοὶ
347 2939 724 2991 ἇνδρες-ἐγένοντο
747 2940 866 2986 οὗτοι,
887 2939 981 2989 πρὸς
1003 2938 1067 2979 οὓς
1089 2937 1282 2987 διωρίσθη.
1317 2942 1351 2974 ez‘
1370 2949 1488 2988 quam
1499 2935 1626 2988 forte-3

836 3009 855 3032 z
879 2995 904 3031 Ω
