1935 3200
1029 761 1190 807 XLV.

588 910 987 963 ADVERSUS
1041 909 1291 961 STEPH
1300 908 1526 961 ANUM
1578 908 1621 959 Ι.

942 1054 1290 1091 EXCERPTA

1088 1185 1138 1208 Ex

641 1288 685 1329 O.
714 1287 768 1328 D.
798 1286 1035 1328 BEELSII
1068 1287 1538 1329 PROLEGOMENIS
1553 1296 1581 1327 ³.

936 1418 1291 1444 --,-.-.-

414 1536 644 1577 ORAronEs
664 1537 860 1578 adversus
884 1537 1142 1591 Stephanum
1164 1538 1469 1578 Demosthenes
1497 1536 1730 1591 composuit
1759 1550 1865 1576 mer-

356 1593 454 1634 cede
484 1593 526 1633 in
555 1593 737 1657 glatiam
759 1594 1015 1647 Apollodori
1041 1594 1234 1635 Pasionis
1254 1594 1342 1643 filii,
1364 1593 1557 1642 Athenis,
1579 1592 1757 1634 hominis
1784 1592 1866 1633 liti-

355 1649 472 1703 giosi,
506 1650 575 1703 qui
610 1650 839 1703 complules
874 1650 1022 1690 habuit
1056 1650 1265 1691 orationes
1299 1665 1324 1691 3,
1355 1650 1636 1690 Demosthene
1673 1648 1865 1703 scriptas,

356 1706 498 1759 quales
534 1705 644 1745 inter
679 1706 925 1759 supeistites
961 1711 1058 1747 sunt
1093 1707 1279 1747 advmsus
1307 1707 1548 1747 Temotheum
1583 1720 1659 1759 pro
1695 1705 1862 1752 debito;

357 1762 545 1802 adzetsus
577 1761 775 1815 Polyclem
807 1763 857 1802 de
888 1762 1160 1808 11·10131·01113,;
1198 1763 1278 1803 3113,
1308 1763 1355 1802 de
1389 1763 1541 1802 Corona
1576 1761 1864 1808 trzerarehalz',·

356 1832 480 1871 porro
511 1818 702 1858 adversus
735 1818 967 1872 Callippum
999 1819 1050 1859 (10
1085 1823 1255 1866 111111311ος
1294 1819 1480 1858 adversus
1509 1818 1783 1859 Nwostratmn
1815 1817 1867 1857 de

356 1873 551 1927 mancipii
573 1874 841 1915 redemtione.
895 1874 1073 1915 Constat
1094 1875 1202 1914 enim
1222 1874 1450 1915 advocatos
1470 1873 1635 1928 proprie
1655 1874 1717 1914 ita
1733 1873 1867 1914 dictos

359 1930 540 1970 Athenis
572 1945 655 1970 non
684 1930 822 1980 fuisse,
849 1931 922 1971 sed
952 1945 1286 1984 unumquemque
1317 1931 1446 1971 civem
1475 1930 1723 1971 lexiarchieo
1754 1934 1868 1970 eatae

356 1987 451 2040 logo
484 1986 731 2040 inscriptum
758 2001 947 2027 caussam
971 2002 1110 2027 coram
1136 1987 1276 2040 judice
1305 2001 1429 2041 agere
1458 1986 1655 2040 potuisse,
1678 1985 1762 2026 sive
1792 1999 1868 2026 sua

358 2043 486 2096 ipsius
518 2043 755 2083 defensione
782 2048 983 2092 uteretur,
1006 2044 1090 2083 sive
1120 2044 1173 2083 ab
1204 2043 1285 2084 alio
1314 2043 1446 2083 amico
1467 2043 1530 2083 vel
1560 2046 1726 2083 oratore
1756 2056 1866 2082 com-

356 2098 506 2152 posita,
540 2099 655 2152 cujus
686 2114 813 2153 opera
845 2114 1033 2139 caussam
1064 2099 1231 2147 diceret,
1262 2104 1305 2139 et
1337 2099 1401 2139 cui
1434 2099 1675 2153 plerumque
1708 2113 1785 2151 pro
1816 2112 1867 2138 ea

356 2155 588 2194 mercedem
617 2155 807 2203 solveret,
833 2170 914 2208 quo
936 2160 1127 2208 spectant
1155 2155 1384 2195 locutiones
1406 2159 1616 2203 συνειπεῖν,
1639 2159 1681 2194 et
1701 2154 1867 2205 ῥήτορας

356 2209 718 2261 παρασκευάζεσθαι
732 2210 763 2250 b.
825 2211 919 2250 Hoc
942 2211 1070 2251 etiam
1097 2211 1183 2265 egit
1204 2211 1508 2251 Demosthenes
1535 2225 1628 2250 cum
1658 2224 1734 2263 pro
1759 2209 1864 2259 aliis,

357 2270 448 2306 tum
469 2280 544 2319 pro
566 2266 818 2317 Apollodoro,
842 2267 957 2320 cujus
986 2267 1027 2306 in
1058 2266 1170 2306 hisce
1191 2266 1449 2306 orationibus
1471 2265 1776 2306 conscribendis
1797 2266 1865 2306 de-

357 2322 562 2361 fensorem
591 2335 679 2361 sese
708 2322 916 2375 praebuit,
937 2322 1033 2362 licet
1059 2327 1184 2362 antea
1212 2323 1387 2362 eundem
1413 2327 1455 2362 et
1482 2322 1525 2361 in
1553 2322 1697 2362 eadem
1719 2336 1866 2362 caussa

356 2377 583 2418 adversarii
612 2377 701 2417 loco
732 2377 947 2418 habuisset
977 2378 1019 2417 in
1050 2378 1238 2419 oratione
1267 2393 1343 2432 pro
1373 2378 1622 2419 Phormione.
1684 2378 1867 2432 Propter

399 2514 417 2531 a
441 2509 632 2538 Prodici-unt
655 2508 758 2548 Lugd.
784 2508 857 2538 Bat.
875 2518 903 2537 a.
920 2509 975 2538 182
982 2516 1011 2547 5.
1035 2509 1078 2539 sic
1150 2519 1175 2538 1.
1227 2509 1392 2547 Mei-cedis,
1409 2520 1488 2548 quae
1512 2510 1716 2549 συνηγορικὸν
1733 2510 1865 2540 vocaba-

358 2551 519 2590 inscripta,
536 2552 683 2581 Diatribe
703 2553 737 2580 in
761 2551 976 2581 Demosthenis
995 2552 1076 2581 Ora-

358 2596 455 2624 tiones
478 2595 508 2623 Ι.
533 2598 563 2624 et
584 2595 635 2623 II.
664 2595 697 2623 in
723 2594 930 2631 Stephanum,
952 2598 1078 2623 auctore

361 2637 397 2666 C.
417 2638 459 2665 D.
478 2637 579 2666 Beels.
625 2635 732 2665 Multa
756 2645 828 2665 cum
849 2635 971 2665 Beelsio
995 2646 1078 2665 com-

357 2679 468 2708 munia
500 2678 593 2708 habet
624 2678 762 2708 Imman.
792 2677 1014 2707 Herrmannus
1044 2678 1078 2706 111

357 2721 622 2751 commentatione
638 2721 674 2750 de
693 2725 827 2759 tempore
846 2729 906 2758 quo
925 2722 1079 2750 orationes

357 2773 439 2802 quae
455 2764 614 2800 seruntur
638 2762 854 2793 Demosthenis
878 2772 935 2801 pro
956 2763 1080 2801 Apollo-

358 2807 431 2835 doro
443 2810 471 2835 et
484 2806 672 2835 Phormione
685 2806 820 2844 scriptae
832 2805 904 2842 sint,
916 2804 1080 2834 Erfordiae

359 2848 443 2878 edita
458 2857 486 2876 a.
503 2848 592 2884 1842.

402 2891 419 2913 b
439 2890 511 2919 vid.
524 2889 604 2919 Isaei
618 2888 709 2919 Orat.
722 2889 760 2919 de
773 2888 935 2928 Cleonymi
947 2887 1078 2918 heredit.

360 2931 533 2962 oratorum
558 2932 750 2962 Graecorum
775 2931 895 2963 Reiskii
913 2930 970 2961 vol.
999 2938 1025 2970 7.
1050 2941 1079 2970 p.

1144 2557 1208 2590 tur,
1218 2552 1337 2582 mentio
1354 2552 1389 2582 fit
1404 2552 1437 2581 in
1452 2553 1610 2592 Aristoph.
1624 2553 1736 2592 Vespis
1749 2563 1778 2582 v.
1792 2551 1864 2592 696.

1181 2613 1273 2644 αὐτὸς
1289 2612 1320 2643 δὲ
1338 2612 1423 2653 φέρει
1439 2614 1476 2644 τὸ
1494 2614 1698 2654 συνηγορικὸν
1713 2613 1865 2655 δραχμήν.

1144 2678 1199 2707 ubi
1212 2677 1408 2708 scholiastes:
1432 2676 1609 2715 ἐλάμβανον
1620 2678 1680 2717 γὰρ
1696 2679 1724 2709 οἱ
1738 2678 1866 2718 ῥήτορες

1147 2719 1298 2758 δραχμὴν,
1313 2719 1366 2750 ὅτε
1383 2720 1572 2760 συνηγόρουν
1585 2719 1658 2760 ὑπὲρ
1674 2722 1731 2757 ’τῆς
1745 2720 1865 2751 πόλεως

1145 2761 1164 2797 ἢ
1183 2761 1256 2801 ὑπὲρ
1272 2761 1372 2792 ἄλλου
1387 2774 1481 2793 τινος.
1512 2763 1610 2802 Apud
1623 2764 1783 2794 Romanos
1797 2763 1865 2802 lege

1149 2805 1260 2834 Cz'ncia
1285 2805 1442 2835 advocatis
1468 2805 1662 2844 prohibitum
1683 2811 1750 2835 erat
1774 2815 1866 2844 pecu·

1146 2846 1233 2875 niam
1256 2847 1403 2886 accipere,
1420 2849 1501 2886 quod
1525 2848 1662 2887 rigidum
1682 2848 1737 2886 jus
1759 2853 1865 2887 postea

1147 2889 1328 2928 mitigatum
1356 2895 1412 2919 est.
1453 2889 1524 2919 Vid.
1543 2890 1563 2920 l.
1580 2899 1608 2920 2.
1626 2891 1716 2926 §.10.
1738 2891 1775 2921 de
1797 2891 1865 2919 Em-

1148 2932 1369 2962 traora'inariis
1384 2933 1619 2970 coynitionibus.
