1935 3200
260 123 371 165 1090
638 122 960 163 ADVERSUS
994 121 1326 162 ONETOREM
1362 122 1394 161 I.

260 227 364 266 Tres
394 231 537 267 autem
567 227 792 267 archontes
824 227 934 280 quod
965 226 1246 273 nominantur,
1272 226 1503 280 Polyzelus,
1526 225 1777 280 Cephisodo-

260 297 343 331 rus,
381 283 526 332 Chion,
561 297 644 323 non
681 288 890 337 repugnat
924 282 1059 323 verbis
1096 282 1377 336 superioribus
1407 297 1445 335 p.
1475 284 1569 334 867,
1596 283 1677 330 28.,
1707 282 1777 322 11111

261 338 408 379 mulier
438 353 532 378 011111
555 339 736 393 Aphobo
768 354 851 379 non
882 344 980 387 tres,
1005 338 1076 378 sed
1105 339 1187 378 duo
1215 353 1346 379 annos
1373 338 1498 378 fuisse
1520 338 1683 387 dieitur,
1707 338 1777 392 qui

261 399 559 448 computantur
583 396 636 436 ab
664 409 773 436 anno
801 395 975 449 Polyzeli
997 399 1186 443 exeunte,
1209 399 1256 434 ut
1277 399 1424 434 contra
1445 394 1659 434 Reiskium
1692 408 1777 434 mo-

260 450 353 491 nuit
375 451 632 491 Sohaeferus.

320 507 413 555 868,
439 519 503 547 21.
537 509 599 548 ἐπὶ
624 509 770 548 τούτων
796 505 1029 560 ἐνεκάλουν]
1063 507 1254 560 Apparet
1286 506 1390 547 lenis
1420 520 1659 560 aequusque
1690 506 1777 547 ani-

260 577 352 602 mus
374 563 682 613 Demosthenis,
699 564 768 617 qui
790 567 928 604 totum
949 563 1162 603 biennium
1183 562 1284 602 nihil
1306 562 1419 603 aliud
1437 576 1562 616 quam
1585 565 1775 609 ἐνεκάλει,

261 619 400 660 omnia
432 620 649 674 experiens
674 625 722 660 ut
751 634 898 660 caussa
927 619 1037 659 inter
1063 619 1218 660 amieos
1249 633 1471 673 coramque
1498 618 1670 659 arbitris
1698 619 1779 658 dis-

262 680 514 729 ceptaretur.
558 677 811 718 SCHAEF.

321 732 415 781 868,
433 734 498 774 26.
521 733 600 787 καὶ]
639 733 836 773 Refertur
857 733 934 772 hoe
958 733 1020 772 καὶ
1041 732 1095 772 ad
1118 731 1287 771 inferius
1307 746 1346 785 p.
1372 731 1465 785 869,
1483 744 1523 781 4.
1560 730 1777 771 SOHAE-

320 820 414 894 868,
441 846 503 886 28.
526 846 714 900 τοσούτῳ]
755 846 855 886 Tam
877 843 995 884 brezi.

320 902 414 954 869,
437 915 475 956 3.
497 902 737 954 προστάντες
757 905 824 941 τοῦ
845 901 1085 955 πράγματος]
1119 900 1277 941 Caussa
1308 899 1391 940 ista
1417 899 1470 939 ad
1499 913 1641 939 emam
1669 903 1778 939 tute-

260 957 425 1011 lamque
455 973 573 999 suam
603 962 784 1012 recepta.
818 957 1010 997 REISK.
1075 956 1192 997 Conf.
1214 971 1253 1009 p.
1278 957 1371 1008 865.
1397 966 1433 1009 7.
1460 956 1564 995 ταῦτ
1585 956 1658 1008 οὐχ
1689 956 1778 1005 ὁμο-

261 1013 480 1065 λογουμένη
501 1016 748 1066 προστασία,
782 1029 821 1068 p.
847 1014 941 1064 872,
964 1015 1016 1062 6.,
1040 1013 1167 1053 ubiv.
1190 1017 1276 1052 not.
1321 1012 1580 1052 SCHAEF.

321 1070 415 1124 869,
440 1083 504 1110 21.
531 1074 706 1111 τοιοῦτον
735 1070 999 1120 συνάλλαγμα
1028 1069 1275 1120 ποιούμενος]
1315 1068 1478 1108 8010118
1509 1081 1608 1107 suae
1639 1068 1778 1121 conju-

261 1126 376 1180 gium
396 1126 587 1167 videlicet
617 1141 710 1167 011111
740 1126 901 1166 talento
932 1125 1057 1166 dotis.
1097 1125 1183 1165 SE
1181 1124 1347 1164 XGER.
1372 1125 1490 1165 Diar.
1515 1122 1683 1164 Classie.
1709 1124 1777 1178 58.

261 1197 336 1236 p
320 1215 419 1290 869,
440 1250 503 1292 23.
526 1238 692 1292 γάμους]
727 1238 971 1292 Signifieare
995 1238 1160 1278 videtur
1181 1236 1364 1276 comima
1385 1235 1604 1289 nuptialia(
1646 1236 1777 1277 SEA-

263 1294 396 1334 GER.
417 1294 442 1334 l.
466 1309 501 1334 0.
524 1310 563 1348 p.
585 1305 682 1347 370.
745 1294 1025 1348 Intellioenda
1047 1299 1140 1334 tota
1164 1292 1405 1346 nuptiarum
1427 1291 1655 1332 solennitas
1677 1293 1777 1333 0616-

260 1351 423 1391 branda
463 1365 545 1390 non
587 1351 674 1390 sine
708 1328 942 1404 frequentia
981 1350 1196 1390 hominum
1232 1348 1480 1389 testantium
1519 1349 1658 1389 onmia
1697 1349 1776 1389 lite

260 1411 433 1460 peraeta
455 1420 557 1446 esse.
601 1407 858 1446 SCHAEF.

322 1464 416 1516 870,
440 1476 501 1502 10.
535 1464 1029 1515 ἀθρόαν-ἀπενεγκόντας
1059 1461 1225 1515 οἰκέτας]
1259 1461 1387 1501 Servo
1420 1460 1527 1500 enim
1557 1475 1659 1514 opus
1687 1465 1779 1501 erat

262 1519 316 1559 ad
337 1519 711 1573 transportandam
732 1519 880 1559 talenti
904 1524 959 1572 (v.
981 1534 1022 1572 p.
1048 1520 1144 1569 876,
1169 1519 1224 1571 7.)
1249 1531 1464 1564 summam,
1489 1532 1593 1570 quae
1616 1517 1777 1570 pondus

262 1576 446 1616 habebat
493 1575 796 1630 quinquaginta
840 1580 999 1629 septem
1049 1575 1252 1615 librarum
1300 1573 1584 1627 Angliearum.
1638 1573 1777 1612 PEN-

325 1690 419 1740 870,
450 1701 509 1738 14.
541 1691 678 1728 τοῦτον
709 1688 776 1728 τὸν
808 1688 969 1740 τρόπον]
1013 1687 1080 1726 οὐκ
1114 1687 1272 1737 ἁθρόαν,
1306 1688 1414 1726 ἀλλὰ
1447 1685 1530 1725 καθ’
1558 1687 1779 1725 ὁποσονοῦν

262 1743 572 1794 δέοιτ”Ἀφοβος
596 1748 656 1797 (p.
680 1745 773 1794 869,
797 1746 881 1791 12)
928 1743 1187 1783 SCHAEF.

320 1801 414 1853 870,
444 1802 503 1839 16.
536 1800 671 1853 ἁπλοῖ]
705 1799 913 1853 Simplicis
950 1798 1057 1839 enim
1095 1803 1137 1838 et
1172 1797 1337 1837 candidi
1371 1801 1435 1837 est
1468 1797 1555 1837 sine
1591 1801 1700 1837 teste
1736 1802 1778 1837 et

259 1856 452 1896 cautione
473 1856 690 1909 pecuniam
712 1857 881 1896 eredele
901 1855 1065 1909 aliaque
1086 1854 1225 1908 magni
1248 1854 1461 1893 momenti.
1510 1853 1703 1893 REISK.

319 1912 413 1965 870,
437 1913 495 1952 18.
527 1914 623 1963 ὑπὲρ
649 1916 725 1952 τῶν
750 1911 1031 1964 διαφερόντων]
1067 1886 1180 1961 Qui?D
1178 1910 1219 1949 in
1253 1910 1421 1957 caussis,
1455 1909 1524 1949 ubi
1556 1909 1697 1963 agitur
1727 1909 1778 1949 de

259 1968 374 2007 luero
395 1968 585 2008 faciendo
613 1974 687 2009 aut
716 1969 868 2008 damno
890 1967 1144 2020 accipiendo,
1167 1981 1218 2006 ne
1238 1966 1454 2006 minimum
1476 1965 1642 2019 quidem
1664 1965 1776 2019 quie-

261 2038 385 2077 quam
407 2024 583 2064 candide
605 2029 647 2064 et
667 2023 909 2077 simpliciter
929 2023 1106 2076 antiquo
1127 2037 1241 2062 more
1263 2027 1406 2076 agunt.
1440 2022 1634 2062 REISK.
1698 2022 1779 2061 Im-

261 2094 329 2119 mo
350 2080 523 2133 effl'ssent.
567 2082 631 2120 SC
641 2081 681 2119 H
689 2081 826 2119 AEF.

321 2136 415 2188 870,
440 2147 504 2187 27.
526 2135 1007 2188 μάρτυρας-παρέξομαι]
1040 2134 1120 2174 Est-
1145 2134 1254 2173 idem
1275 2148 1324 2173 ae
1347 2133 1379 2173 si
1401 2133 1600 2173 dixisset:
1636 2134 1712 2184 ἐγὼ
1735 2135 1777 2173 δὲ

261 2195 338 2231 τῶν
352 2194 425 2241 μὲν
440 2191 633 2243 μάρτυρας
652 2194 741 2241 ὑμῖν
757 2192 984 2242 παρεξομαι.
1018 2190 1211 2229 REISK.
1273 2190 1310 2228 E
1316 2194 1356 2229 st
1372 2189 1592 2238 chiasmus,
1612 2190 1779 2229 schema

261 2247 315 2287 ab
338 2247 575 2287 oratoribus
596 2247 750 2301 passim
770 2251 1031 2300 usurpatum.
1075 2246 1334 2286 SCHAEF.

321 2304 414 2356 871,
439 2305 477 2343 6.
508 2304 758 2354 λόγος-καὶ
791 2302 1024 2356 παραγωγή]
1070 2301 1311 2341 Adveisalii
1345 2300 1479 2340 oratio
1513 2305 1555 2340 et
1587 2301 1706 2351 λόγος
1736 2305 1779 2340 et

263 2359 475 2411 παραγωγὴ
505 2363 574 2399 τοῦ
606 2359 829 2410 πράγματος
859 2358 1025 2406 dicitur,
1059 2358 1210 2411 quippe
1240 2371 1346 2410 quae
1383 2361 1599 2410 pelvertat
1632 2360 1675 2396 et
1708 2356 1778 2395 ob-

263 2420 403 2455 scuret
443 2414 501 2454 rei
537 2415 772 2464 veritatem,
804 2414 971 2466 παράγει
1003 2414 1046 2453 τὸ
1082 2417 1253 2465 πρᾶγμα.
1303 2411 1691 2452 SCHOEMANN.
1723 2412 1779 2452 ad

266 2471 431 2511 Isaeum
452 2486 490 2524 p.
513 2481 591 2524 471
615 2485 676 2524 sq

321 2528 414 2579 871,
439 2539 502 2567 12.
526 2544 621 2567 κατα
641 2543 711 2576 την
731 2525 1003 2578 ὑπερημερίαι]
1037 2525 1140 2565 Cum
1162 2525 1368 2578 Aphobus
1393 2523 1548 2577 judicio
1570 2523 1703 2563 vietus
1724 2524 1778 2564 ad

263 2583 420 2623 dictam
441 2582 550 2622 diem
571 2596 654 2621 non
675 2582 876 2621 solvisset.
912 2581 1104 2621 WOLF

322 2639 416 2690 871,
442 2652 505 2680 22.
538 2637 753 2691 πιθακνῶν]
797 2637 1037 2677 Videndum
1067 2651 1118 2676 ne
1149 2640 1293 2676 orator
1323 2635 1534 2689 scripserit
1565 2638 1775 2686 φιδακνῶι·.

266 2694 443 2734 Photius
466 2694 643 2747 quidem,
666 2694 746 2733 etsi
773 2693 901 2734 alium
930 2693 1064 2732 10011111
1094 2691 1331 2745 respiciens,
1354 2707 1394 2745 p.
1417 2692 1515 2741 646,
1540 2704 1604 2743 25.
1638 2692 1777 2730 Φιδάκ-

264 2767 346 2796 νας,
368 2751 569 2792 πιθάκνας.
615 2749 880 2800 Δημοσθένης.
935 2749 1033 2788 Lex.
1057 2748 1166 2787 r.het
1189 2748 1230 2786 in
1261 2747 1423 2787 Aneod.
1452 2747 1584 2786 Bekk.
1612 2762 1650 2800 p.
1682 2759 1776 2798 290,

266 2819 330 2859 23.
353 2806 583 2846 Πιθάκνων;
616 2809 692 2844 τῶν
711 2809 854 2856 μικρῶν
874 2805 1009 2852 πίθωι,
1034 2805 1076 2843 ἐν
1098 2805 1154 2845 οἶς
1181 2804 1280 2843 εισὶν
1303 2803 1462 2854 ἰσχάδες
1494 2803 1554 2842 καὶ
1580 2805 1628 2841 τὰ
1652 2806 1778 2842 τοιαῦ-

263 2878 323 2900 τα
387 2862 559 2916 Corlige
580 2866 654 2901 aut
676 2864 883 2900 Πιθακνῶν
903 2865 978 2900 aut
999 2861 1170 2899 HLOczxv‘
1144 2876 1234 2899 ιων.
1270 2860 1334 2898 SC
1342 2859 1528 2898 HAEF.
1590 2857 1773 2906 Φιδάκνη,

266 2917 375 2969 quod
419 2918 578 2958 Moelis
619 2931 781 2970 quoque
818 2931 856 2969 p
893 2927 990 2969 372.
1027 2915 1180 2955 Atticis
1216 2914 1377 2962 tlibuit,
1415 2914 1542 2954 etiam
1582 2928 1646 2966 ap.
1681 2913 1775 2952 Ari-
