1935 3200
285 109 396 147 1422
658 108 1052 148 DECLAMATIO
1083 108 1413 149 AMATORIA.

284 212 344 253 vit
374 213 521 258 locum,
555 226 660 265 quae
694 212 926 252 Tittmanni
956 211 1095 265 opinio
1131 216 1208 258 est,
1242 226 1390 265 parum
1425 216 1641 253 emunctae
1676 212 1789 253 naris

284 269 375 309 fuit..
438 268 502 308 De
531 268 608 307 hoc
641 268 849 321 adjectivo
882 268 1078 308 nonnulla
1108 268 1224 308 dedit
1250 268 1419 308 Bastius
1446 268 1580 321 Epist.
1615 268 1721 309 Crit.
1748 283 1788 322 p.

288 336 380 378 217.
418 324 533 364 Conf.
559 324 744 377 eiusdem
765 323 1018 363 Adversaria
1040 325 1091 363 (le
1111 324 1294 364 Vocibus
1315 323 1430 363 nihili
1450 329 1546 378 post
1570 325 1791 378 Scapulam

287 380 565 421 Oxoniensem
587 395 622 419 v.
646 381 829 419 Εὐκτέον.
864 380 1112 420 SOHAEF.

347 437 466 487 1408,
488 450 528 486 4.
560 439 624 486 τῆς
651 437 866 488 ἀσκήσεως]
906 436 1111 490 Designat
1143 435 1483 476 exercitationem
1516 439 1791 490 campestrem

286 507 357 533 seu
388 506 492 540 eam,
526 507 630 545 quae
661 492 789 532 fiebat
824 492 865 531 in
898 507 1056 545 campo⁷
1092 493 1161 532 ubi
1186 493 1383 545 juventus
1414 492 1643 532 docebatur
1674 505 1791 532 arma

285 553 483 596 tractare,
516 553 669 595 rotare,
701 548 889 601 jaculari.
923 548 1168 602 pyrrhichas
1201 563 1336 602 agere,
1368 552 1411 588 et
1444 562 1549 602 quae
1585 551 1683 587 sunt
1709 547 1791 588 alia

286 605 407 657 hujus
427 604 600 658 generis.
634 604 826 644 REISK.
890 604 983 643 Non
1002 605 1229 657 quamlibet
1249 604 1603 653 exercitationem,
1625 604 1698 644 sed
1723 618 1790 657 pe-

286 661 439 700 culiare
462 660 550 713 ejus
570 674 711 714 genus.
736 660 846 714 quod
866 675 963 700 mox
985 661 1246 701 describitur.
1283 660 1532 700 SCHAEF.

349 718 465 764 1408,
495 730 554 755 10.
579 718 781 769 συνειδὼς]
807 716 907 755 Plus
928 716 1037 756 valet
1059 731 1182 770 quam
1200 717 1371 770 simplex
1393 718 1524 758 εἰδώς;
1549 729 1790 770 persuasum

284 771 361 812 sibi
380 772 533 812 habens.
588 772 642 812 V.
664 787 703 826 p.
725 775 844 824 1416,
865 786 901 814 2.
937 773 1190 813 SGHAEF.

349 830 466 876 1408,
500 841 562 869 12.
609 828 716 869 τοῦδ’
751 830 1003 882 ἀποβαίνειν]
1041 829 1096 869 V.
1139 828 1450 882 Harpocration
1485 842 1521 868 V.
1556 827 1789 877 Ἀποβάτης.

286 884 479 924 REISK.
534 883 588 923 V.
611 885 770 924 Anecd.
796 884 927 925 Bekk.
959 900 998 939 p.
1018 897 1116 939 425.
1139 888 1235 936 426.
1260 890 1303 925 et
1329 885 1420 925 Ind.
1445 883 1672 925 Graecitat.
1695 898 1726 924 s,
1751 898 1787 924 v.

286 941 530 990 ἀποβαίνειν.
563 940 811 981 SCHAEF.

349 997 466 1047 1408,
495 998 556 1036 16.
583 997 1034 1050 ἀνδρείαν-εὐψυχίαν]
1060 997 1166 1037 Mihi
1188 996 1380 1037 videntur
1401 1010 1638 1050 synonyma.
1671 994 1787 1035 Oonf.

285 1053 399 1105 adp.
425 1054 519 1105 566,
544 1063 603 1104 17.
627 1063 722 1107 579,
741 1055 779 1093 6.
815 1053 1066 1093 SCHAEF.

349 1111 465 1159 1408,
491 1110 554 1148 26.
589 1109 962 1162 παντοδαπωτάτων]
996 1109 1063 1149 Sic
1092 1109 1253 1150 correxi
1275 1109 1385 1162 quod
1407 1108 1448 1148 in
1476 1107 1592 1148 libris
1612 1112 1677 1148 est
1696 1124 1791 1147 παν-

286 1167 476 1209 τοδαπῶν,
513 1179 595 1203 non
631 1165 876 1204 conveniens
909 1165 1175 1218 praecedenti
1209 1167 1419 1205 πλείστων.
1480 1163 1630 1204 Rarior
1669 1163 1792 1217 hujus

287 1219 526 1273 superlativi
560 1235 657 1260 usus
691 1225 766 1269 est,
800 1221 869 1273 qui
902 1221 1014 1274 apud
1043 1221 1346 1275 Hippocratem
1373 1220 1525 1274 legitur
1559 1234 1599 1273 p.
1626 1220 1720 1268 286,
1751 1229 1788 1273 7.

287 1279 406 1315 ὕδατα
437 1278 779 1325 παντοδαπώτατα,
812 1277 1177 1331 restituendusque
1204 1282 1269 1317 est
1300 1277 1434 1317 eidem
1463 1292 1502 1330 p.
1526 1284 1621 1329 365,
1647 1289 1712 1329 29.
1744 1278 1793 1317 ὡς

288 1336 457 1371 πλεῖστα
492 1333 553 1372 καὶ
587 1334 919 1373 παντοδαπώτατα
949 1333 1091 1387 (vulgo
1126 1335 1372 1384 παντοδαπὰ)
1408 1334 1525 1372 σιτία.
1578 1332 1707 1372 Isocr.
1741 1332 1792 1371 de

288 1387 417 1427 antid.
441 1403 480 1441 p.
504 1402 600 1441 493.
623 1388 684 1428 ed.
708 1388 840 1429 Bekk.
862 1389 1057 1441 γυμνάσια
1077 1394 1245 1429 πλεῖστα
1267 1390 1327 1428 καὶ
1353 1389 1698 1428 παντοδαπώτατα.
1734 1387 1792 1428 Et

289 1444 345 1483 sic
368 1444 664 1498 superlativum
685 1444 817 1485 eidem
838 1460 877 1499 p.
899 1459 953 1499 49
977 1445 1028 1485 D.
1051 1460 1101 1485 ex
1123 1446 1211 1485 cod.
1236 1445 1342 1485 Urb.
1369 1444 1554 1484 restituit
1579 1444 1792 1484 Bekkerus

290 1505 332 1540 et
362 1515 438 1554 ego
474 1501 657 1554 ejusdem
690 1501 845 1541 codicis
881 1501 1008 1541 ductu
1043 1517 1083 1555 p.
1108 1514 1184 1554 223
1211 1501 1262 1541 D.
1319 1500 1656 1554 Comparativum
1692 1502 1792 1554 (quo

290 1556 424 1596 utitur
459 1556 639 1596 Aristot.
672 1556 727 1596 H.
754 1557 807 1597 A.
835 1572 874 1607 4,
903 1560 961 1609 2.)
994 1562 1202 1598 annotatu
1239 1557 1408 1611 dignum
1439 1556 1587 1597 habuit
1616 1556 1793 1597 Photius

289 1628 327 1667 p.
350 1624 445 1665 379,
475 1626 535 1664 14.
557 1615 916 1664 παντοδαπώτερον·
949 1617 1220 1664 συγκρίνοντες
1240 1615 1441 1664 λέγουσιν.

352 1669 468 1719 1408,
494 1679 559 1721 27.
591 1673 670 1711 τοῖς
690 1670 923 1722 τιθεμένοις]
961 1673 1008 1709 τὰ
1028 1670 1222 1720 τιθέμενα,
1246 1669 1400 1709 seilicet
1422 1670 1535 1718 ἆθλα,
1559 1673 1656 1709 sunt
1677 1683 1793 1723 prae·

288 1724 371 1764 mia
392 1725 618 1765 victoribus
638 1726 692 1765 ab
713 1725 961 1765 athlothetis
981 1726 1207 1780 proposita.
1242 1726 1434 1765 REISK.

350 1794 467 1833 1409.
490 1795 530 1832 4.
565 1783 753 1833 τοιαύτης]
790 1783 813 1831 ἡ
844 1785 1161 1833 μεγαλοπρέπεια
1198 1783 1259 1821 καὶ
1292 1782 1314 1832 ἡ
1351 1782 1540 1832 σεμνότης
1572 1783 1636 1830 τῆς
1672 1797 1793 1832 παρα-

289 1841 425 1887 σκευῆς
447 1838 644 1878 laudatur
663 1853 701 1891 p.
722 1838 840 1888 1408.
863 1851 925 1878 22.
962 1837 1210 1878 SCHAEF.

352 1907 469 1945 1409,
495 1907 559 1935 22.
594 1894 766 1948 δυνάμει]
806 1895 890 1935 Pro
926 1895 1083 1944 δυνάμει
1119 1895 1296 1935 foxtasse
1331 1893 1485 1934 rectius
1521 1909 1678 1933 συνεσει
1718 1896 1794 1932 aut

290 1950 419 2003 εὐνοίᾳ
440 1950 658 2004 legerem
685 1951 868 1990 WOLP.
930 1951 1361 2005 Significantissimuin
1382 1955 1446 1990 est
1468 1949 1637 1998 δυνάμει.
1698 1948 1793 1988 Hoc

291 1984 544 2046 (licit11r20Si
577 2007 716 2046 omnia
747 1984 999 2048 cer‘tuninaC
1003 2021 1380 2055 coinlnenioraiem,
1412 2005 1628 2047 audientes
1656 2004 1794 2045 multi-

291 2062 435 2102 tudine
455 2077 526 2102 cot
531 2077 597 2102 um
619 2078 667 2116 pl
670 2078 715 2102 01
718 2078 786 2103 sus
807 2064 1037 2103 obruerem.
1071 2063 1181 2104 SCH
1187 2063 1314 2102 AEF.

354 2132 471 2171 1409,
497 2131 562 2172 25.
591 2120 835 2171 ἀμφοτέρων]
863 2120 1091 2174 Significat,
1116 2119 1242 2173 Epicr
1244 2119 1325 2159 itis
1347 2132 1512 2159 currum
1533 2132 1665 2171 neque
1686 2117 1795 2157 inter

291 2174 445 2227 primos
475 2189 608 2228 neque
641 2175 750 2214 intel
777 2181 1020 2229 postleinos7
1050 2176 1159 2215 sed
1149 2190 1191 2214 111
1219 2175 1355 2215 media
1390 2175 1470 2214 isse
1496 2175 1633 2222 turba,
1660 2178 1703 2213 et
1732 2173 1794 2213 vel

292 2230 349 2269 sic
372 2235 512 2269 tamen
534 2231 713 2283 palmam
734 2232 968 2271 abstulisse.
1004 2231 1197 2270 REISK.

350 2287 398 2327 ὡς
431 2287 622 2336 ἑκατέρων
654 2288 839 2339 προσῆκε]
887 2288 939 2327 Ut
969 2286 1119 2326 decebat
1150 2286 1259 2326 ambo
1294 2300 1461 2326 seorsum
1496 2286 1658 2333 vincere,
1693 2285 1732 2324 h.
1758 2299 1792 2325 e.

292 2356 367 2381 mm
402 2342 566 2382 cedendo
597 2342 890 2394 posterioribus,
925 2344 1084 2394 priores
1108 2343 1408 2396 praecertendo.
1469 2342 1676 2382 Isocrates
1715 2341 1794 2382 Pa-

294 2413 434 2451 nep-51¹.
469 2413 503 2437 c.
538 2410 602 2437 20.
638 2399 866 2449 ἀμφοτέρων
903 2399 1174 2469 κρατήσαντες,
1210 2400 1258 2441 ὡς
1293 2399 1482 2450 ἑκατέρων
1521 2401 1704 2449 προσῆκε.
1740 2397 1795 2438 ad

294 2469 332 2507 q.
354 2454 378 2494 l.
402 2454 554 2494 Colaes
575 2454 697 2494 vol.
707 2469 777 2508 .p.
800 2468 892 2503 40.;
924 2454 998 2496 Ως
1025 2455 1215 2506 ἑκατέρων
1236 2455 1440 2508 προσηκε.]
1468 2453 1541 2496 Ως
1569 2456 1686 2506 ἐχρην
1708 2471 1794 2505 κρα-

293 2527 407 2559 τησαι
440 2510 638 2561 εκατέρωι,
661 2527 736 2549 των
765 2512 838 2560 μὲν
868 2512 1064 2559 πολεμίων
1095 2513 1239 2559 δηλοι
1219 2528 1286 2559 οτι,
1318 2527 1396 2552 τοις
1426 2513 1574 2559 ὅπλοις,
1598 2515 1673 2550 τῶν
1700 2526 1793 2559 συμ-

293 2584 427 2618 μιχωι
457 2568 509 2612 δὲ,
534 2567 582 2620 τῷ
612 2566 909 2616 ὑπερβαλέσθαι
939 2583 1008 2616 την
1040 2569 1197 2606 ἐκείνων
1223 2567 1375 2618 ἀρετὴν,
1399 2568 1460 2606 καὶ
1490 2571 1564 2606 τῶν
1590 2566 1795 2617 ἀριστείων

295 2624 512 2672 ἀξιωθῆναι.
571 2621 751 2672 Ἐλήφθη
773 2624 813 2662 δὲ
834 2622 889 2668 τὸ,
912 2621 1143 2673 (Εκατέρων,
1169 2625 1210 2662 ἐκ
1240 2626 1306 2662 τοῦ
1335 2623 1421 2674 περὶ
1443 2626 1506 2673 τῆς
1525 2622 1793 2669 Ἀντιδόσεως,

295 2679 380 2717 ἀντὶ
410 2682 476 2717 τοῦ
509 2682 629 2719 κακῶς
655 2680 728 2717 ὧδε
756 2677 1016 2729 γραφομένου,
1042 2677 1249 2732 (Εκατέρῳ,
1279 2682 1397 2728 δῆλον
1431 2680 1559 2720 ἄλλως
1591 2677 1636 2717 ὃν
1665 2679 1725 2718 καὶ
1754 2678 1796 2716 ἐκ

295 2737 361 2772 τοῦ
384 2735 437 2775 εἷς
460 2733 717 2784 Δημοσθένην
738 2734 1032 2785 ἀναφερομένου
1053 2733 1261 2785 Ἐρωτικοῦ
1283 2738 1389 2787 (σελ.
1417 2736 1556 2785 1409),
1579 2733 1797 2785 γραφέντος

295 2791 348 2837 δὲ,
372 2790 421 2830 ὡς
443 2791 596 2830 εἰκότως
616 2790 861 2841 ὑπειλήφασί
886 2806 997 2838 τινες,
1020 2789 1267 2841 Ἀνδροτίωνι
1297 2792 1348 2844 τῷ
1369 2790 1613 2842 Ἰσοκράτους
1631 2789 1793 2843 μαθητῇ,

295 2845 349 2889 ὃς,
373 2845 467 2895 πρὸς
488 2846 554 2885 οὐκ
582 2846 730 2896 ὀλίγοις
759 2850 837 2887 τοῖς
858 2847 1006 2894 ἄλλοις,
1028 2847 1087 2885 καὶ
1108 2849 1218 2885 τοῦτο
1242 2847 1451 2896 ἐμιμήσατο
1473 2850 1539 2886 τοῦ
1562 2844 1795 2885 διδασκάλου

295 2900 337 2938 τὸ
361 2902 566 2951 ἐνθύμημα.
625 2900 836 2942 Isocratea
858 2906 998 2942 autem
1018 2901 1181 2956 phrasis
1202 2902 1366 2942 videtur
1386 2902 1560 2942 multum
1579 2899 1793 2955 placuisse.
