1935 3200
258 139 366 182 1076
637 139 959 179 ADVERSUS
991 137 1296 178 APHOBUM
1331 138 1389 177 ΙΙ.

313 247 408 299 836,
428 259 490 299 13,
514 246 629 299 αὐτῷ]
667 245 786 285 Patri
809 259 913 284 meo.
946 243 1141 284 REISK.
1205 243 1337 283 Immo
1358 257 1450 284 avo.
1486 242 1739 284 SGHAEF.

314 302 411 356 836,
433 303 491 341 16.
511 302 698 352 ὤφειλεν]
735 301 865 340 Pater
885 314 1012 348 meus,
1035 305 1126 340 tum
1147 315 1240 339 cum
1262 299 1371 340 diem
1392 313 1511 339 suum
1532 313 1771 353 supremum

256 359 405 399 obiret.
442 356 637 397 REISK.
702 357 834 396 Immo
854 370 969 396 avus.
1015 356 1265 396 SOHAEF.

320 416 474 466 φανερὰ
505 413 749 463 κεκτημένοις
779 415 827 452 τὰ
857 414 967 463 ὄντα]
1010 413 1033 462 ἡ
1065 414 1218 464 φανερὰ
1251 411 1365 452 οὐσία
1397 416 1461 452 est
1491 426 1617 466 quam
1648 425 1770 452 nemo

255 485 338 510 non
369 474 514 510 cernat
545 469 684 517 oculis,
711 472 759 508 ut
792 468 978 521 praedia,
1004 468 1162 517 domus,
1195 467 1352 508 metalli
1384 467 1550 508 fodinae
1584 472 1628 508 et
1659 468 1770 508 bona

254 527 339 567 fere
371 526 451 574 illa,
475 540 580 579 quae
611 524 836 565 immobilia
864 524 987 578 vulgo
1018 524 1294 578 appellantur,
1325 527 1367 564 et
1394 538 1500 577 quae
1530 524 1571 563 in
1602 538 1771 564 censum

255 581 465 636 publicum
494 581 628 621 relata
649 581 867 635 vectigalia
896 586 1010 621 stata
1037 580 1199 620 aerario
1230 579 1450 633 dependit:
1484 581 1506 630 ἡ
1528 581 1687 631 κρύφιος
1708 580 1771 620 vel

256 638 420 689 ἀφανὴς,
448 652 554 691 quae
587 652 669 676 non
702 642 821 691 patet
854 638 1054 691 cujusque
1085 636 1285 690 aspectui,
1317 640 1365 676 ut
1395 635 1570 690 pecunia
1601 636 1643 675 in
1672 650 1772 677 arca

255 694 420 734 defossa
440 699 515 734 aut
536 699 681 734 mutuo
703 694 805 734 data
825 698 899 734 aut
920 693 962 733 in
983 693 1091 733 vasis
1112 692 1307 747 pretiosis
1327 692 1532 732 mundove
1553 692 1768 733 collocata.

314 807 408 860 836,
431 818 493 859 17.
524 810 677 858 πρῶτον
705 808 779 856 μὲν
808 808 883 858 γὰρ
915 805 1150 858 Δημοχάρης
1182 822 1214 845 κ.
1235 820 1267 844 τ.
1289 806 1345 856 λ.]
1383 805 1578 858 Apparet
1610 819 1661 845 ex
1692 805 1770 845 hoc

254 863 357 912 loco,
385 876 559 916 generos
589 862 852 903 haereditate
883 862 1001 915 quasi
1034 861 1240 914 accepisse
1274 875 1512 901 socerorum
1544 860 1769 909 infamiam,

256 919 290 959 si
327 919 463 972 capite
496 919 645 958 minuti
681 918 968 959 decessissent.
1007 917 1203 958 REISK.
1267 916 1383 958 Conf.
1406 922 1493 957 not.
1515 917 1570 958 ad
1592 917 1711 958 Orat.
1735 917 1769 958 I.

255 990 296 1029 p.
320 976 413 1029 835,
434 989 474 1026 4.
516 975 766 1015 SCHAEF.

314 1032 407 1084 836,
433 1032 498 1071 28.
520 1032 694 1082 ἡγεμόνα
714 1034 780 1081 τῆς
801 1031 1030 1082 συμμορίας]
1067 1029 1123 1071 V.
1146 1028 1374 1070 Pam-eidtii
1397 1029 1564 1084 Proleg.
1585 1029 1640 1071 ad
1661 1034 1767 1071 orat.

255 1088 344 1139 περὶ
366 1091 585 1138 συμμοριῶν
601 1102 641 1141 p.
667 1100 732 1139 24.

314 1144 409 1197 837,
430 1157 443 1182 1
456 1154 493 1196 7.
515 1144 633 1193 αὐτὴν
655 1144 896 1193 δὲ-ταύτην
917 1144 974 1194 δὲ]
1011 1142 1053 1182 δέ
1073 1146 1169 1196 post
1189 1143 1331 1192 ταύτην
1352 1142 1578 1196 repetitum
1598 1146 1773 1196 propter

255 1200 383 1240 verba
404 1199 537 1239 multa
556 1199 788 1252 interjecta.

314 1256 408 1309 837,
434 1257 499 1297 26.
531 1258 576 1310 τῇ
606 1254 767 1309 πόλει;]
805 1255 910 1295 Post
940 1255 1043 1295 haec
1072 1254 1236 1295 videtur
1267 1255 1358 1294 ἀλλ’
1384 1255 1428 1294 οὐ
1459 1257 1552 1304 δῆτα
1582 1257 1626 1309 τῇ
1658 1256 1772 1295 πόλει

254 1316 330 1352 aut
352 1312 436 1362 ἐμοὶ
456 1312 602 1360 μέντοι,
627 1311 715 1350 ἀλλ’
734 1312 821 1363 οὐχὶ
842 1312 886 1362 τῇ
908 1312 1023 1351 πόλει
1044 1310 1197 1350 deesse.
1259 1311 1339 1351 Est
1369 1311 1471 1351 haee
1498 1311 1678 1351 oratoris
1709 1324 1772 1350 re-

254 1367 474 1421 prehensio
495 1372 538 1407 et
559 1367 767 1407 revocatio
790 1367 953 1407 suimet.
996 1366 1186 1406 Primum
1208 1367 1375 1407 dubitat
1392 1383 1399 1407 :
1423 1367 1585 1407 Milcine
1605 1381 1659 1406 an
1680 1366 1773 1407 urbi

243 1424 401 1477 fecistis
422 1423 519 1463 bona
538 1437 624 1464 maa
643 1423 931 1477 inconspicua?
963 1423 1002 1462 h.
1027 1437 1061 1463 e.
1083 1422 1306 1476 eripuistis,
1328 1438 1350 1463 e
1372 1423 1509 1462 medio
1531 1423 1770 1473 sustulistis,

255 1484 303 1519 ut
325 1480 454 1519 oculis
476 1480 587 1519 cerni
609 1494 813 1533 nusquam
834 1479 1007 1533 possint.
1071 1479 1177 1519 Tum
1202 1479 1510 1532 reprehendens
1531 1479 1618 1532 ipse
1640 1483 1772 1520 semet

254 1541 385 1590 negat
416 1550 459 1576 se
491 1535 699 1582 dubitare,
733 1536 806 1575 sed
839 1540 954 1575 certo
987 1535 1092 1575 scire
1125 1535 1186 1575 ait
1219 1540 1382 1575 tutores
1410 1549 1581 1589 operam
1609 1535 1773 1575 dedisse

254 1596 302 1631 ut
335 1592 421 1645 ipse
454 1592 620 1645 quidem
652 1592 832 1645 pupillus
866 1591 1057 1639 nesciret,
1088 1606 1169 1645 quo
1200 1590 1401 1631 abiissent
1433 1591 1511 1631 sibi
1543 1606 1618 1632 sua
1647 1592 1769 1641 bona,

255 1649 356 1687 urbs
390 1653 533 1688 autem
566 1652 614 1688 ut
646 1649 751 1688 bene
785 1652 937 1695 nosset,
971 1662 1078 1700 quae
1111 1653 1153 1687 et
1184 1652 1342 1700 quanta
1369 1648 1447 1701 ipsi
1480 1648 1590 1687 bona
1620 1653 1771 1688 essent.

256 1704 452 1743 REISK.
515 1703 628 1743 Nihil
650 1704 779 1745 deest.
842 1704 1027 1744 Subaudi
1045 1720 1052 1743 :
1085 1704 1321 1757 Quemquam
1341 1704 1443 1757 quid
1460 1718 1523 1744 scos
1544 1704 1737 1758 interroqo
1752 1705 1771 1744 ,9

257 1760 511 1800 SOHAEF.

315 1816 408 1869 837,
436 1817 500 1856 28.
523 1816 798 1869 τιμησάμενοι]
832 1817 901 1855 Ne
920 1816 996 1856 illa
1020 1816 1177 1870 quidem
1197 1816 1287 1869 ipsa
1315 1814 1480 1855 traditis
1505 1815 1604 1855 milei
1623 1816 1668 1856 in
1688 1830 1772 1856 ma-

255 1886 340 1920 nus,
368 1886 533 1926 quoram
563 1887 649 1912 cam
683 1872 993 1912 aestimationem
1022 1873 1227 1912 curassetis
1256 1886 1282 1911 a
1308 1870 1526 1911 censoribus
1555 1872 1770 1925 quaestori·

257 1927 372 1968 hasce
390 1929 502 1980 fieri,
532 1935 613 1968 tecm
644 1943 799 1968 censam
827 1942 958 1968 eoram
988 1943 1068 1968 meo
1097 1928 1251 1968 nomine
1275 1928 1373 1981 reip.
1397 1927 1634 1981 dependistis
1664 1935 1697 1968 et
1727 1929 1772 1969 in

254 1985 464 2024 aerarvz'mn
485 1985 687 2025 intulistis.
729 1984 924 2024 REISK.

315 2041 408 2093 838,
430 2054 463 2080 1.
482 2041 724 2093 εἰσεφέρετε]
757 2040 923 2080 Scilicet
944 2042 1040 2091 ὑπὲρ
1063 2042 1167 2091 ἐμοῦ.
1200 2039 1448 2080 SEAGER.
1472 2039 1587 2081 Diar.
1604 2040 1771 2081 Classic.

255 2097 323 2150 58.
345 2111 385 2149 p.
409 2098 506 2148 366.

315 2152 412 2205 838,
437 2165 476 2205 3.
508 2157 583 2193 τῶν
613 2152 806 2203 τεττάρων
836 2152 1040 2193 ταλάντων
1072 2154 1133 2193 καὶ
1168 2153 1412 2206 τρισχιλίων]
1460 2152 1644 2193 Talenta
1675 2152 1769 2202 duo,

256 2208 553 2248 Demosthenis
585 2207 737 2248 sororis
770 2208 922 2257 dotem,
960 2213 1179 2262 acceperat
1211 2208 1455 2263 Demopho;
1494 2208 1628 2248 minas
1659 2212 1770 2248 octo-

254 2264 388 2318 ginta,
417 2264 558 2304 dotem
587 2264 735 2304 matris
767 2264 1074 2313 Demosthenis,
1105 2265 1323 2318 Aphobus.
1386 2264 1429 2304 Si
1464 2264 1527 2304 his
1560 2264 1772 2304 addantur

256 2320 525 2373 septuaginta
551 2320 700 2369 minae,
724 2335 899 2373 quarum
921 2321 1225 2361 usumfructum
1252 2321 1458 2361 habuerat
1481 2320 1768 2374 Therippides,

256 2380 379 2416 erunt
408 2376 569 2417 talenta
601 2380 781 2430 quatuor
812 2381 854 2417 et
885 2377 1062 2431 triginta
1091 2377 1241 2426 minae,
1271 2377 1310 2417 h.
1338 2392 1372 2417 e.
1399 2376 1560 2417 talenta
1589 2381 1771 2430 quatuor

257 2436 299 2472 et
320 2431 404 2472 tria
423 2432 550 2472 millia
571 2433 876 2473 drachmarum.
920 2433 1168 2473 SEAGER.
1190 2433 1216 2473 l.
1239 2448 1273 2472 c.
1294 2448 1333 2486 p.
1356 2434 1451 2486 367.

315 2489 490 2541 838,15.
513 2489 749 2541 ἀναφέρετε]
788 2488 962 2542 Culpam
993 2489 1099 2529 male
1129 2493 1272 2543 gestae
1302 2488 1678 2529 administrationis
1699 2487 1769 2528 alii

255 2544 299 2585 in
319 2544 421 2584 alios
442 2545 640 2585 confertis
661 2544 846 2584 dicentes
869 2545 1020 2599 quique
1043 2551 1067 2568 ‘⁶
1082 2545 1177 2585 Non
1198 2560 1287 2599 ego,
1310 2545 1382 2585 sed
1403 2544 1469 2585 ille
1490 2545 1553 2585 vel
1575 2544 1641 2585 ille
1662 2544 1770 2585 hanc

255 2604 420 2655 partem
442 2600 648 2641 curavit.'’
681 2600 878 2642 REISK.

315 2658 408 2710 839,
429 2666 469 2710 5.
491 2657 780 2709 ἀναγίγνωσκε]
820 2657 1016 2709 ἀνάγνωθι
1041 2657 1282 2698 Bavaricus.
1318 2656 1510 2697 REISK.
1571 2656 1770 2707 ἀνάγνωθι

255 2712 408 2767 legitur
427 2727 462 2752 v.
486 2725 546 2753 10.
606 2713 841 2753 Amborum
862 2728 1032 2767 prorsus
1053 2714 1197 2754 eadem
1218 2717 1282 2753 est
1304 2712 1563 2767 significatio.
1603 2712 1657 2753 V.
1680 2717 1767 2753 not.

256 2770 371 2822 adp.
396 2769 491 2822 483,
511 2780 573 2822 17.
595 2782 691 2821 494,
713 2779 775 2821 17.
797 2770 893 2823 582,
918 2780 980 2824 15.
1005 2770 1098 2823 874,
1119 2780 1181 2821 17.
1224 2769 1475 2810 SOHAEF.

315 2826 410 2876 839,
436 2825 471 2865 8.
500 2825 570 2876 τὴν
600 2827 808 2877 μίσθωσιν]
864 2826 1018 2867 Curam
1053 2825 1241 2866 elocandi
1274 2830 1317 2866 et
1351 2824 1506 2866 locaria
1540 2824 1768 2880 redigendi.

316 2937 408 2989 839,
434 2949 498 2977 20.
530 2936 701 2986 μάλιστα
729 2938 940 2992 τάλαντον]
975 2938 1095 2988 Quod
1125 2937 1314 2990 sequitur
1340 2940 1456 2977 ταῦτα
1483 2939 1565 2987 τρία
1593 2936 1767 2976 τάλαντα
