1925 3215
456 144 781 184 ADVERSUS
815 145 1193 186 s'l'El'llANUM
1232 148 1262 187 Ι.
1510 153 1613 193 1231

101 255 222 292 erant
251 251 470 291 transactio
501 256 543 291 et
567 252 879 314 praescripti.01¹
947 253 1089 293 Priore
1115 254 1346 308 excipiendi
1378 258 1502 297 modo
1530 265 1619 299 ute-

100 308 226 348 batur
250 307 462 354 Phormio,
486 308 682 361 quonium
705 309 796 347 bis·
788 310 841 348 ab
866 309 1123 363 Apollodoro
1145 312 1255 350 omni
1278 313 1448 354 crimine
1469 315 1616 356 libera-

100 369 168 404 tus
201 379 309 404 nunc
343 364 478 403 denuo
516 365 762 417 petebatur:
803 366 1022 419 posteriori
1052 368 1163 420 quod
1195 368 1286 431 plus
1315 385 1438 423 quam
1470 371 1616 425 viginti

98 420 197 461 anni
218 420 447 475 plaeterier
449 426 536 468 ant,
560 427 784 474 antequam
810 422 1017 462 actionem
1045 423 1298 466 instituisset
1320 427 1615 481 Apollodorus,

99 491 191 516 cum
212 477 324 531 leges
352 477 394 516 id
422 476 510 516 fieri
535 478 732 531 juberent
760 478 872 518 intra
893 479 1232 532 quinquennium.
1294 483 1618 524 Transacteonem

100 533 209 574 inter
233 533 490 587 exceptionis
518 548 686 574 cnissis
715 534 803 588 ltge
831 541 985 588 ιοοοῙ)ἰι
987 551 1043 575 un
1070 537 1195 576 tuisse
1222 538 1343 579 docet
1366 540 1616 581 Demosthe-

99 604 171 630 nes
193 589 256 629 his
277 589 436 629 verbis:
476 591 633 630 ἀκούετε
661 593 728 630 τοῦ
758 593 877 641 νόμου
905 591 1106 643 λέγοντος,
1130 592 1159 632 ὡ
1181 594 1316 645 ἄνδρες
1331 594 1546 646 Ἀθηναῖοι,
1569 597 1617 637 τά

99 663 141 686 τε
171 647 290 692 ἄλλα,
324 648 376 686 ὧν
406 647 457 697 μὴ
490 663 546 685 ειι
551 663 588 686 αι
620 650 680 687 δεῖ
708 648 825 695 δίκας,
856 649 917 687 καὶ
945 649 1022 688 ὅσα
1052 666 1107 691 τις
1139 651 1289 701 ἀρῆκεν
1320 670 1342 701 η
1374 652 1613 724 ἀπηλλΗαξεν·

99 702 218 756 cujus
246 702 305 742 rei
335 703 436 743 haec
464 702 654 742 redditur
679 703 812 743 ratio:
849 705 1016 746 εἰκότως·
1050 707 1084 744 εἰ
1108 705 1183 757 γάρ
1205 708 1287 746 ἐστι
1309 710 1468 757 δίκαιον,
1491 711 1545 750 ὧν
1567 710 1616 750 ἂν

98 759 200 808 ἅπαξ
232 759 392 811 γένηται
424 761 519 809 δίκη,
553 759 683 809 μηκέτ
706 761 848 809 ἐξεῖναι
881 760 1114 810 ὃικαςεσθαι,
1146 764 1249 803 πολὺ
1280 767 1356 803 τῶν
1387 766 1616 815 ἀφεθέντων

99 817 336 867 δικαιότερον
363 833 413 866 μη
443 832 541 855 ειναι
567 817 683 857 δίκας·
717 818 736 855 6
764 817 837 867 μὲν
864 819 937 868 γὰρ
964 819 1006 856 ἐν
1030 819 1120 868 ὑμῖν
1140 819 1313 869 ἡττηθεὶς
1339 820 1425 874 τάχ’
1444 821 1493 861 ἂν
1515 824 1616 862 εἴποι

99 872 147 914 ὡς
183 872 444 922 ἐξηπατηθητε
479 873 598 921 ὑμεῖς·
641 873 661 911 ὁ
694 874 734 912 δὲ
772 874 888 912 αὑτοῦ
924 878 1101 925 φαιερως
1138 876 1364 926 καταγιοὺς,
1403 878 1465 917 καὶ
1501 879 1616 930 ἀφεὶς

100 945 160 968 και
181 928 423 978 ἀπαλλάξας,
450 927 519 968 τίν’
543 928 591 968 ἂν
623 930 759 968 ἑαυτοῦ
791 930 917 969 αἰτίαν
942 930 1218 981 αἰτιασαμειὈς
1244 936 1320 972 τῶν
1348 933 1473 974 αὐτῶν
1494 935 1616 975 πάλιν

99 986 251 1026 εἰκότως
273 984 487 1035 δικάζοιτος
519 985 702 1034 οὐδεμίαν
724 1003 755 1025 κ.
779 1002 813 1024 τ.
835 990 907 1025 >NL

154 1041 328 1081 Praescr
333 1041 429 1095 iptio
449 1040 650 1095 temporis
680 1041 854 1095 peracti,
877 1043 899 1093 ἡ
921 1043 970 1084 ὡς
990 1046 1066 1082 τῶν
1086 1045 1239 1096 χρόνων
1262 1045 1488 1095 ἐξηκόντων,
1511 1046 1613 1087 item

97 1096 186 1152 lege
217 1112 261 1137 er
263 1102 309 1138 at
343 1098 526 1145 inducta,
555 1098 780 1137 secundum
807 1113 944 1152 quam,
975 1099 1123 1139 saltem
1156 1100 1198 1139 in
1234 1101 1409 1155 privatis
1440 1103 1611 1153 caussis,

98 1153 210 1194 intra
232 1153 558 1222 quinquennium
580 1154 649 1208 jus
677 1170 797 1194 suum
825 1155 1018 1209 persequi
1040 1156 1221 1197 debebat
1242 1163 1384 1198 actor:
1419 1174 1525 1213 quae
1545 1160 1612 1201 lex

97 1224 122 1251 a
144 1209 292 1250 Solone
318 1210 480 1251 sancita
505 1213 569 1281 τῆς
596 1212 833 1263 προθεσμίας
863 1214 977 1263 ιόμος
998 1213 1253 1261 ιοοαῦιιΐιιῐς
1288 1229 1370 1268 qua
1397 1216 1448 1256 de
1476 1231 1521 1256 re
1552 1216 1614 1258 ita.

98 1266 265 1307 disserit
296 1268 466 1307 oratorr
483 1283 490 1307 :
528 1269 548 1306 6
578 1268 650 1318 μὲν
683 1269 814 1308 τοίνυν
846 1270 973 1318 ιόμος,
1008 1268 1037 1308 ὼ
1073 1270 1209 1321 ἄιδρες
1228 1246 1444 1322 Ἀθηναῖοι,
1478 1277 1615 1325 σαφῶς

99 1325 230 1364 οὑτοσὶ
251 1323 320 1363 τὸν
340 1326 485 1377 χρόνον
502 1324 644 1393 ὥρισεν
650 1327 827 1365 ·-δοκει
845 1325 919 1376 γάρ
940 1341 1006 1375 μοι
1028 1327 1089 1365 καὶ
1111 1327 1130 1365 ὁ
1154 1328 1292 1366 Σόλων
1309 1329 1464 1371 οὐδενὸς
1486 1330 1614 1371 ἄλλου

99 1379 212 1420 ἕνεκα
239 1383 364 1420 θεῖναι
395 1380 513 1420 αὐτὸν
532 1379 555 1430 ἢ
575 1383 642 1419 τοῦ
671 1398 722 1431 μη
745 1385 1077 1432 συκοφαντεῖσθαι
1102 1384 1208 1432 ἱμας·
1240 1388 1320 1426 τοῖς
1344 1386 1417 1434 μὲν
1437 1402 1512 1437 γαρ
1534 1387 1613 1427 ἀδι-

98 1435 297 1486 κουμένοις
325 1438 438 1476 ἱκανὰ
467 1454 515 1476 τα
542 1436 659 1476 πέιτε
693 1438 756 1487 ἔτη
787 1437 960 1489 ἡγησατο
993 1455 1092 1478 ειναι
1120 1439 1417 1491 εἰσπράξασθαι,
1447 1441 1543 1481 κατά
1570 1459 1614 1483 τε

98 1496 173 1532 τῶν
197 1493 453 1544 ψευδομένων
481 1493 549 1532 τὸν
579 1494 726 1545 χρόιον
757 1495 915 1544 ἐνόμισε
947 1494 1201 1545 σαφέστατον
1233 1496 1404 1549 ἔλεγχον
1436 1498 1611 1539 ἔσεσθαι·

98 1549 160 1588 καὶ
181 1549 271 1599 ἅμα,
296 1549 426 1599 ἐπειδὴ
449 1550 639 1589 ἀδύνατον
661 1550 759 1601 ἔγνω
782 1549 828 1590 ὂν
849 1551 936 1592 τούς
956 1567 998 1590 τε
1020 1553 1300 1601 συμβαλόντας
1329 1554 1390 1593 καὶ
1411 1554 1499 1596 τοὺς
1518 1556 1613 1607 μάρ-

97 1621 210 1656 τυρας
239 1606 299 1646 ἀεὶ
328 1606 410 1656 ζἠν,
442 1606 511 1646 τὸν
540 1606 661 1656 ιόμον
689 1607 775 1646 ἀντὶ
802 1607 947 1646 τούτων
973 1607 1121 1657 ἕ6ηκει,
1149 1609 1183 1647 ὅ
1174 1625 1251 1651 τως
1280 1609 1424 1661 μα’ρτυς
1455 1613 1512 1661 εἴη
1545 1615 1613 1652 τοῦ

98 1663 243 1702 δικαίου
263 1666 343 1703 τοῖς
365 1661 591 1713 εἰρημένοις

154 1717 267 1758 Hinc
289 1718 465 1758 xidimus
491 1718 580 1772 jam
606 1718 907 1782 antiquissimis
929 1720 1188 1774 tempmibus
1216 1735 1290 1774 per
1300 1723 1613 1785 praescriptio-

97 1787 190 1813 nem
210 1773 351 1815 litibus
372 1775 497 1814 finem
528 1775 769 1829 impositum
791 1790 892 1825 esse,
916 1781 958 1816 et
979 1776 1141 1817 licuisse
1165 1778 1308 1818 adeo
1298 1793 1339 1817 ιιι
1371 1779 1515 1819 eadem
1542 1794 1611 1820 ex-

98 1830 286 1884 ceptione
313 1831 451 1885 plures
477 1845 646 1872 caussas
667 1832 899 1872 cumulem-e
891 1864 901 1879 ,
936 1832 978 1872 id
1000 1833 1111 1886 quod
1131 1848 1157 1873 a
1179 1834 1432 1875 Phormione
1453 1837 1611 1876 factum

97 1900 186 1926 esse
206 1892 383 1941 apparet
396 1896 421 1928 S.

160 1943 432 2008 Exceptionis
469 1959 495 1984 ιι
533 1944 785 1984 thmione
821 1944 1040 1999 oppositae
1075 1945 1247 1986 effectus
1281 1946 1389 1987 suit'
1396 1952 1444 1988 ut
1479 1948 1612 1989 victor

98 1999 392 2048 declar'galetul
420 2000 483 2040 ita
507 2000 673 2055 quidem
704 2006 751 2041 ut
778 2001 950 2054 judices
978 2016 1232 2055 quamquam
1264 2008 1457 2057 palatam
1489 2019 1610 2044 accu-

98 2055 299 2096 sationem
326 2057 509 2098 habebat
538 2057 828 2111 Apollodoms,
852 2072 903 2097 ne
924 2071 994 2097 ιε’]
997 2058 1095 2097 bum
1118 2058 1284 2112 quidem
1310 2074 1360 2099 ex
1388 2074 1436 2100 eo
1464 2061 1610 2101 audire

98 2111 259 2162 vellent,
275 2113 392 2166 isque
413 2119 582 2167 piaetel
585 2128 633 2154 ea
654 2113 1002 2154 condemnaretur
1021 2115 1076 2154 ad
1097 2115 1182 2154 soli
1185 2115 1367 2156 endam
1351 2134 1367 2156 ε
1371 2119 1607 2167 πωΒελίανῑ,

99 2167 179 2208 sive
209 2169 396 2209 mulctam
417 2170 556 2223 fizlscce
586 2170 862 2211 ccccusatc'ssonzs
925 2170 1141 2220 Nimirum
1163 2171 1258 2224 jure
1290 2172 1437 2213 Attico
1468 2173 1509 2212 in
1541 2187 1610 2213 ex-

100 2224 372 2290 ceptionibus3
391 2241 499 2275 leus,
523 2226 593 2279 qui
622 2227 822 2266 utebatur
851 2227 1106 2280 exceptione,
1130 2242 1319 2268 caussam
1347 2244 1464 2269 suam
1494 2229 1610 2292 prior

99 2281 272 2329 orabat3
309 2282 425 2335 cujus
456 2283 489 2322 si
522 2282 712 2337 exceptio
739 2283 948 2336 judicibus
979 2284 1242 2347 pr‘obaietur,
1271 2286 1415 2332 actori„
1440 2286 1509 2339 qui
1540 2300 1609 2325 ex-

100 2337 289 2401 ceptione
309 2338 562 2392 peremtoria
583 2354 609 2379 a
630 2354 700 2380 reo
722 2339 938 2402 injudicio
955 2340 1088 2380 xictus
1108 2355 1153 2381 e1
1155 2345 1212 2387 at,
1229 2342 1431 2395 ejusmodi
1453 2341 1610 2383 mulcta

99 2397 190 2433 erat
216 2393 418 2449 irrogata,
448 2395 558 2450 quod
590 2396 901 2437 accusationem
929 2411 970 2436 ιιι
998 2397 1283 2438 adveiszviium
1315 2399 1494 2452 probare
1525 2413 1610 2438 non

100 2454 310 2502 poteratu

140 2579 158 2602 P
177 2576 327 2607 Addatur
351 2579 493 2617 exceptio
515 2577 534 2614 ἦ
558 2579 597 2608 ὣς
621 2576 816 2617 κεϊριμένων,

98 2618 143 2646 rei
153 2617 323 2654 judicatae.
348 2620 378 2650 V
381 2621 422 2651 id.
436 2621 600 2650 Demosth.
615 2631 671 2659 pro
690 2621 816 2650 Fho11.n

100 2668 128 2697 p·
146 2668 218 2699 952.
257 2661 296 2691 In
313 2663 527 2693 criminalibus
542 2664 817 2702 praescriptionem

99 2701 174 2731 item
197 2702 298 2733 locum
321 2704 477 2740 habuisse,
496 2707 584 2735 docet
601 2706 764 2736 Heflterus
784 2706 817 2735 in

99 2742 176 2773 libro
191 2746 230 2775 de
246 2756 279 2776 re
291 2747 432 2785 judiciali
451 2748 570 2778 Athen.
589 2758 618 2786 p.
641 2758 711 2787 293·

142 2790 159 2814 q
181 2786 417 2828 Demosth.1n-0
435 2790 564 2819 Phonn.
580 2801 611 2829 p.
629 2800 665 2829 95
653 2800 701 2820 2.

143 2834 156 2851 ¹·
180 2829 343 2860 Demosth.
362 2801 488 2862 ibidem.

142 2873 156 2891 ⁵
179 2871 229 2901 De
254 2878 320 2902 toto
344 2873 402 2904 hoc
426 2874 490 2904 loco
516 2875 650 2904 conferri
679 2881 820 2905 meretur

103 2910 264 2943 Heffterus
287 2915 307 2944 l.
324 2925 350 2945 c.
367 2926 396 2954 p.
415 2917 476 2956 289
492 2927 557 2955 sqq.
574 2917 629 2946 ubi
651 2924 758 2948 tamen
781 2919 819 2947 de

102 2956 394 2996 praescriptionibus
417 2959 610 2989 omittuntur
626 2961 779 2998 quaedam
801 2970 819 2989 a

886 2578 991 2609 Petito
1004 2578 1098 2608 allata
1110 2579 1149 2609 de
1161 2578 1299 2617 Legibus
1308 2579 1424 2608 Atticis
1435 2589 1534 2620 p.499
1542 2591 1607 2620 sqq.

928 2621 940 2643 t
964 2621 1128 2651 Demosth.
1146 2622 1178 2650 in
1197 2622 1304 2660 steph.
1324 2622 1348 2651 Ι.
1368 2633 1397 2660 p.
1413 2631 1503 2660 1103.

928 2669 948 2686 u
973 2664 1011 2693 In
1036 2664 1146 2702 primis
1171 2664 1350 2702 perspicuus
1371 2664 1455 2694 locus
1476 2671 1522 2694 est
1540 2665 1607 2695 Iso-

885 2707 978 2736 cratis
1012 2707 1045 2735 in
1076 2708 1265 2746 παραγραφῇ
1294 2705 1369 2745 πρὸς
1400 2707 1609 2745 Καλλίμαχον

884 2760 914 2788 p.
938 2748 1007 2787 726,
1031 2749 1085 2777 ubi
1108 2749 1320 2778 Athenienses
1347 2748 1391 2777 ita
1417 2748 1607 2787 alloquitur:

886 2790 1035 2820 Εἰπόντος
1059 2790 1206 2829 Ἀρχίνου
1233 2789 1326 2827 νόμον
1352 2790 1469 2827 ἔθεσθε,
1498 2790 1535 2820 ἄν
1560 2802 1609 2821 τις

886 2832 1044 2873 δικάζῃται
1074 2832 1155 2871 παρὰ
1180 2831 1253 2862 τοὺς
1284 2832 1400 2870 ὅρκους,
1429 2833 1537 2870 ἐξεῖναι
1563 2835 1608 2871 τῷ

886 2875 1034 2914 φεύγοντι
1051 2873 1316 2913 παραγράφεσθαι,
1330 2874 1402 2905 τοὺς
1419 2876 1443 2904 δ’
1451 2875 1608 2914 ἄρχοντας

885 2917 953 2956 περὶ
978 2916 1090 2947 τούτου
1117 2919 1238 2955 πρῶτον
1263 2915 1412 2954 εἰσάγειν,
1438 2918 1546 2955 λέγειν
1573 2916 1608 2948 δὲ

885 2959 1036 2999 πρότερον
1050 2959 1106 2989 τὸν
1123 2957 1409 2998 παραγραψάμενον.
1458 2960 1507 2990 De
1529 2960 1606 2991 ἐπω-
