1925 3215
518 144 912 185 DECLAMATIO
944 142 1275 183 AMATORIA.
1541 141 1651 184 1419

202 262 320 298 1401,
342 263 405 291 20.
429 252 635 304 λεκτικοῖς]
663 253 699 290 οἱ
720 251 888 290 λεκτικοὶ
909 254 984 289 τῶν
1005 251 1138 300 λόγων
1159 253 1256 287 sunt
1277 245 1649 286 commentationes

138 305 324 358 simplici,
349 307 582 353 illaborata,
605 306 727 354 facili,
751 306 939 360 populari
967 305 1146 346 dictione
1178 302 1451 355 conscriptae,
1474 316 1557 355 qua
1584 315 1649 341 so-

139 361 268 401 lemus
289 364 330 402 ἐν
352 366 402 416 τῷ
424 363 558 414 λέγειν
581 365 621 402 ἐκ
644 368 709 402 τοῦ
730 366 975 415 παραχρῆμα,
1000 362 1038 401 in
1061 360 1245 401 fortuitis
1276 365 1350 399 ant
1375 357 1649 398 familiaribus

138 419 427 471 congressibus
449 419 523 459 uti.
550 420 752 459 REIsK.
788 420 932 459 Recto.
967 419 1033 457 Sic
1058 417 1280 470 Dionysius
1302 415 1433 455 lialic.
1457 415 1508 454 dc
1531 414 1577 455 C.
1595 414 1647 453 V.

140 487 292 527 p.3‹)0.
322 490 441 515 meae
469 475 566 515 odit.
600 480 726 515 κῶλον
757 477 1014 526 συγκείμενον
1046 477 1227 514 λεκτικῶς
1259 471 1432 525 opponit
1467 473 1575 524 κώλῳ
1609 472 1651 510 ἐκ

140 533 246 570 δυοῖν
277 534 529 581 συνεστηκότι
558 531 719 583 μέτρων.
786 531 985 571 Similiter
1016 536 1158 569 noster
1191 529 1387 582 Sophista
1415 528 1501 569 τοὺς
1526 534 1652 567 λεκτι-

141 587 229 628 κοὺς
256 591 332 627 τῶν
352 590 484 639 λόγων
509 588 681 641 opponit
713 588 773 637 iis,
798 589 946 641 quibus
977 589 1155 638 ἁρμόττει
1185 589 1385 636 ποιητικῶς
1407 587 1649 635 συγκεῖσθαι.

142 643 400 683 SCHAEF.

198 701 337 749 ὁμοίως
368 701 538 742 οἶς-τις
569 701 687 755 εἴποι]
724 699 840 739 idem
872 704 935 739 est
964 714 1011 739 ac
1044 698 1077 738 si
1107 698 1303 737 dixisset:
1339 697 1477 745 ὁμοίως
1504 697 1652 737 τούτοις

140 760 220 797 τοῖς
240 758 385 807 λόγοις,
408 757 474 798 οὓς
496 757 543 796 ἂν
565 759 665 796 εἴποι
696 773 751 798 τις
780 757 820 795 ἐκ
847 759 914 795 τοῦ
944 758 1189 807 παραχρῆμα,
1221 754 1425 793 REISK.
1467 753 1521 794 οἶς
1551 751 1651 791 mihi

141 811 305 852 videtur
323 812 486 866 generis
508 826 596 852 esse
618 812 818 852 neutrius.
854 812 1113 851 SCHAIQF.

203 881 322 919 1401,
348 880 411 908 22.
444 868 952 920 ποιητικῶς-συγκεῖσθαι]
995 867 1184 907 Ροῦιηαῐί
1217 866 1369 906 similos
1401 870 1444 905 ct
1475 863 1653 918 exquisi—

142 928 231 964 tum
254 924 295 963 in
316 924 485 964 modum
508 926 718 964 confectas
739 938 840 964 esse.
862 924 1046 964 WOLF.

198 981 286 1022 τοὺς
315 982 401 1030 μὲν,
433 980 522 1020 illos
553 980 703 1034 prioris
735 980 913 1033 generis,
943 981 1031 1022 τοὺς
1064 980 1274 1020 λεκτικούς.
1323 979 1410 1020 τοὺς
1443 979 1498 1025 δὲ,
1531 977 1655 1016 hosce

142 1036 398 1089 posterioris,
422 1037 463 1076 in
486 1037 648 1091 longius
671 1041 835 1090 tempus
859 1037 1097 1076 duraturos.
1134 1035 1335 1075 REISK.

204 1105 323 1142 1401,
350 1105 413 1147 23.
448 1094 736 1143 ἐπιδεικτικοὺς]
768 1092 1066 1141 Ostensioncdes,
1089 1106 1111 1132 e
1141 1105 1292 1146 genere
1319 1089 1558 1130 orationum
1586 1088 1655 1128 de-

142 1149 418 1189 monstrativo
452 1149 573 1203 vulgo
608 1149 664 1189 sic
700 1149 825 1189 dieto.
887 1149 1008 1200 Quod
1041 1162 1191 1188 nomen
1227 1162 1300 1187 cur
1335 1146 1391 1186 illi
1424 1144 1565 1199 generi
1599 1144 1656 1184 sit

144 1204 396 1258 impositum,
420 1205 505 1245 dixi
537 1206 722 1260 pluribus
749 1205 804 1245 ad
831 1205 1130 1259 Anthologiam
1160 1202 1426 1244 Constantini
1449 1201 1655 1254 Cephalae

144 1276 184 1314 p.
208 1263 297 1300 161.
350 1261 449 1300 Vim
479 1262 565 1315 ejus
599 1277 679 1301 non
714 1262 878 1301 videtur
908 1261 1140 1315 percepisse
1162 1260 1239 1306 illc,
1263 1258 1448 1313 quisquis
1469 1258 1559 1304 fuit,
1584 1256 1656 1310 qui

145 1317 186 1356 in
221 1317 408 1371 margine
444 1317 693 1358 Lutetianae
725 1318 778 1358 ad
812 1318 998 1369 προσήκει
1032 1316 1227 1371 apposnit
1262 1320 1328 1355 τοῦ
1370 1317 1474 1365 βίου.
1536 1313 1659 1364 Quod

144 1372 273 1413 ctiam
299 1373 359 1426 [Y
382 1376 440 1425 et]
468 1374 638 1414 Bai-occ.
667 1388 700 1413 1.
725 1373 915 1414 additum
937 1374 1077 1413 habet.
1112 1372 1314 1412 REISK.

208 1443 327 1479 1401,
353 1442 418 1482 25.
447 1433 551 1481 παρὰ
572 1431 638 1470 τὸν
659 1432 798 1481 λόγον]
825 1431 1129 1481 ἀπροσδιόνυσα.
1166 1428 1425 1468 SCHAEF.

210 1499 326 1536 1402,
350 1499 363 1525 1
378 1500 411 1525 1.
435 1487 712 1540 διακειμένους]
740 1488 904 1538 ὁρᾶσθαι
925 1485 1189 1536 διακειμένους
1210 1484 1418 1524 Reiskius.

208 1555 328 1593 1402,
351 1543 415 1582 18.
438 1542 685 1595 ἀμφοτέρων]
713 1547 788 1582 τῶν
811 1559 852 1582 τε
875 1547 1004 1582 καλῶν
1029 1543 1089 1582 καὶ
1111 1543 1297 1593 αἰσχρῶν.
1333 1539 1594 1580 SCHAEF.

209 1611 327 1649 1402,
353 1611 417 1639 21.
450 1600 506 1640 οἷς
533 1601 655 1649 μόνον
677 1601 772 1638 ἴδιον
794 1599 911 1649 ἔθος]
948 1597 1095 1648 Quibus
1124 1597 1322 1637 ‹liintaoeczt
1344 1595 1569 1650 peculiaris
1597 1594 1662 1634 liic

146 1669 225 1694 mos
254 1655 396 1694 insitas
415 1661 481 1703 est,
503 1661 545 1694 ‘ill
568 1669 642 1695 non
663 1669 799 1702 omme,
821 1655 893 1694 secl
919 1653 1016 1694 bonci
1038 1660 1073 1694 ct
1099 1654 1255 1694 honesta
1278 1653 1439 1706 ¹inssenioi
1469 1650 1545 1691 sibi
1575 1665 1661 1691 con-

146 1711 292 1750 cilient.
355 1711 503 1750 Potest
536 1711 663 1751 ctiam
695 1711 753 1751 sic
786 1710 950 1764 exponi,
980 1725 1055 1750 nec
1087 1710 1221 1750 verbis
1255 1724 1329 1749 nec
1358 1708 1567 1748 sententia
1598 1721 1661 1748 re-

148 1771 385 1821 pugnante:
418 1767 560 1821 quibas
590 1767 692 1813 solis,
716 1782 782 1807 nec
809 1768 862 1807 iis
887 1774 1016 1807 tamen
1045 1765 1233 1815 omnibns,
1255 1765 1325 1805 sed
1351 1764 1457 1805 bonis
1485 1770 1521 1804 et
1547 1764 1660 1804 lione-

146 1823 218 1863 stis
240 1823 658 1877 cliiiztaxcit,proprias
688 1838 767 1864 mos
793 1823 1002 1863 conciliari
1031 1823 1123 1862 solet
1165 1825 1260 1862 ἴδιον
1290 1822 1391 1871 ἔθος,
1414 1835 1446 1860 s.
1474 1824 1550 1860 τῶν
1572 1821 1663 1871 ἐρω-

147 1879 289 1930 μένων.
350 1879 494 1919 Animi
526 1880 776 1920 amasiorum
816 1879 914 1919 solis
955 1879 1140 1919 honestis
1173 1877 1431 1918 amatoribus
1471 1876 1532 1916 ita
1564 1880 1663 1916 sunt

148 1935 293 1982 dediti,
321 1940 368 1975 ut
398 1949 541 1975 eorum
571 1935 728 1989 proprii
754 1950 843 1976 esse
873 1935 1105 1975 videantur.
1170 1934 1218 1973 In
1255 1948 1379 1988 quam
1406 1932 1660 1973 sententiam

151 1991 380 2031 Aeschines
401 1991 443 2030 in
466 1992 733 2032 Timarchum
751 1997 793 2032 et
818 1992 1024 2031 Lucianus
1040 1991 1082 2030 in
1106 1990 1334 2031 Amoribus
1352 1994 1394 2029 et
1415 1989 1484 2029 alii
1506 1988 1663 2043 passim

150 2047 270 2102 plura
300 2048 510 2088 disserunt
543 2063 668 2102 quain
700 2048 819 2088 bonis
850 2047 1033 2088 moribus
1069 2047 1249 2102 expedit.
1286 2045 1476 2086 WOLF.
1539 2045 1663 2085 Prior

154 2103 299 2144 Wolfii
321 2103 615 2158 interpretatio
636 2119 746 2145 vera.
783 2105 1041 2144 SCHAEF.

215 2170 415 2214 1402,25.
447 2163 734 2212 κατεγνωκόσιν
766 2162 901 2209 αὑτῶν,
930 2162 1050 2212 ὡς-]
1086 2159 1175 2210 Qiii,
1206 2158 1347 2198 conscii
1380 2171 1473 2198 suae
1500 2156 1664 2198 inconti-

151 2217 316 2264 nentiae,
345 2231 383 2256 se
413 2215 605 2257 abstinere
633 2232 658 2257 a
680 2218 855 2271 flagiitio,
887 2217 984 2256 (lata
1011 2217 1219 2263 occasione,
1240 2229 1316 2255 ozon
1335 2228 1449 2268 posse
1471 2219 1661 2266 sperant:

151 2272 203 2312 de
239 2273 388 2326 quibus
420 2273 521 2312 illud
556 2274 747 2327 usurpari
783 2279 921 2327 queat,
960 2274 1018 2312 ὅτι
1050 2272 1284 2325 προφάσεως
1320 2270 1447 2310 δέεται
1485 2272 1607 2320 μόνον
1641 2271 1665 2320 ἡ

153 2331 329 2379 πονηρία,
350 2329 597 2383 improbitati
618 2330 724 2370 nihil
742 2331 864 2370 deesse
881 2336 1041 2383 praeter
1059 2329 1306 2369 occasionem.
1331 2326 1523 2366 WOLF.

214 2398 333 2436 1402,
359 2398 423 2437 29.
454 2386 690 2438 ηὐξήθησαν]
722 2387 927 2427 Ciimiilizte
947 2392 1156 2440 ornateque
1175 2386 1256 2425 sint
1274 2389 1479 2437 peractae.
1535 2382 1588 2422 V.
1620 2397 1662 2437 p.

162 2444 277 2492 1406,
301 2443 338 2481 6.
372 2442 574 2481 REISK.

216 2510 334 2550 1403,
363 2511 396 2536 1.
427 2499 604 2549 ὑποψίαν
626 2498 749 2551 ἔχειν]
787 2500 977 2540 ὑπόπτους
998 2497 1198 2549 γενέσθαι.
1239 2502 1428 2549 suspectos
1457 2493 1593 2534 haberi·
1619 2494 1665 2534 cle

153 2553 414 2606 turpitudine.
447 2553 634 2593 WOLF.
695 2554 759 2594 De
799 2554 964 2607 passiva
999 2552 1304 2607 significatione
1340 2552 1461 2604 hujus
1502 2550 1665 2604 phrasis

155 2624 191 2648 v.
216 2608 269 2648 ad
290 2623 330 2661 p.
354 2610 473 2662 1306,
495 2619 530 2661 7.
568 2610 650 2649 Sed
671 2610 710 2649 h.
728 2610 752 2649 1.
770 2610 951 2651 activam
973 2607 1061 2650 esse
1083 2610 1205 2649 docet
1226 2607 1463 2662 oppositum
1484 2621 1522 2660 p.
1544 2619 1663 2657 1402,

159 2677 224 2717 27.
247 2665 314 2704 οὐκ
336 2666 485 2716 ἄλογον
505 2666 646 2713 ταύτην
667 2666 774 2718 ἔχειν
795 2667 863 2716 τὴν
885 2667 1072 2706 διάνοιαν.
1107 2664 1365 2705 SCHAEF.

218 2733 338 2775 1403,
361 2734 424 2773 13.
450 2721 983 2776 ὑπεύθυνον-καταστῆσαι]
1009 2722 1102 2761 Non
1122 2720 1245 2760 modo
1268 2722 1439 2758 eventus
1460 2717 1550 2757 dati
1571 2731 1666 2757 con-

157 2775 238 2816 silii
262 2790 288 2816 a
317 2776 552 2816 consultore
579 2778 856 2830 praestandus
885 2783 961 2826 est,
989 2778 1061 2817 sed
1087 2777 1214 2816 etiam
1243 2775 1354 2814 vitae
1378 2773 1486 2814 ratio
1514 2788 1666 2814 mores-

158 2846 252 2885 que,
273 2845 324 2871 ne
344 2832 579 2885 praeceptis
598 2838 846 2887 repugnent.
881 2834 1080 2873 REISK.

222 2900 342 2940 1403,
359 2898 424 2940 27.
448 2889 678 2940 ἀμφοτέρων
699 2890 858 2943 τούτων]
885 2892 949 2939 τῆς
966 2906 1007 2929 τε
1028 2890 1159 2940 ὅψεως
1181 2889 1242 2927 καὶ
1264 2889 1328 2936 τῆς
1347 2888 1493 2938 ψυχῆς.
1528 2885 1666 2940 Negat

159 2943 346 2997 sophista
366 2943 474 2984 hanc
495 2948 679 2985 aetatem
700 2945 844 2985 decere
867 2947 963 2997 ὄψιν
985 2947 1221 2995 θηλυπρεπῆ.
1255 2943 1514 2984 SCHAEF.
