1925 3215
802 640 961 686 LVII.

411 769 811 821 ADVERSUS
854 768 1344 821 EUBULIDEM.

701 915 1061 942 ——4—

465 1026 496 1066 I.
525 1025 795 1065 TAYLORI
830 1023 1302 1065 PROLEGOMENA.

186 1132 289 1181 Lux,
312 1146 419 1186 quae
450 1131 492 1171 in
514 1131 779 1186 Argumento
811 1130 980 1179 citatur,
1004 1129 1107 1170 satis
1137 1128 1317 1168 fideliter
1348 1142 1423 1167 nos
1448 1127 1564 1168 (lucit
1589 1128 1643 1168 ad

127 1193 308 1229 mentem
329 1188 451 1242 hujus
473 1187 675 1228 orationis
703 1186 1028 1241 intelligendam.
1088 1185 1326 1225 Euxitheus
1349 1184 1517 1238 quidam
1539 1184 1644 1224 dolis

128 1244 362 1293 Eubulidis,
392 1244 618 1284 adversarii
650 1244 751 1298 ejus,
778 1249 821 1283 ot
851 1243 969 1283 malis
999 1241 1162 1282 artibus
1194 1241 1498 1281 circumventus
1529 1255 1644 1294 perc-

127 1301 341 1356 grinitatis
363 1301 587 1341 damnatur
614 1315 639 1340 a
670 1300 754 1340 suis
784 1299 1079 1353 popularibus3
1115 1304 1157 1338 et
1182 1297 1356 1351 proinde
1384 1312 1533 1337 110111611
1556 1297 1644 1349 ejus

129 1372 150 1397 e
173 1357 326 1398 tabulis
348 1357 469 1397 istius
491 1356 631 1411 populi
651 1356 863 1409 (Alimusii
886 1358 1026 1407 crant)
1046 1355 1239 1395 deletum.
1285 1353 1445 1393 Verum
1463 1368 1557 1394 cum
1578 1353 1644 1393 lex

128 1413 468 1468 provocationem
501 1414 554 1453 ad
585 1413 742 1453 curiam
775 1427 800 1452 a
832 1412 972 1466 populi
1005 1410 1215 1451 sententia
1246 1409 1334 1450 fieri
1366 1410 1644 1463 permitteret,

124 1472 211 1525 jam
238 1485 386 1510 caussa
415 1470 526 1524 apud
553 1469 713 1522 judices
745 1474 943 1522 perorata
971 1472 1131 1508 statum
1161 1481 1281 1506 suum
1307 1466 1491 1506 defendit
1512 1466 1646 1506 fretus

128 1526 369 1567 testimonio
392 1530 609 1578 συγγενῶν,
633 1532 896 1580 σοῃὶιαῖονῑωη,
920 1527 1106 1575 δημοτῶν,
1122 1523 1403 1577 popularimn,
1427 1524 1648 1574 φρατόρων,

130 1583 359 1630 curialium,
382 1588 423 1623 et
446 1586 618 1634 γειήτῶυ
639 1582 723 1621 sive
739 1581 960 1635 mutilium.
1020 1580 1137 1620 Utile
1159 1579 1237 1619 erit
1260 1580 1447 1619 conferre
1470 1578 1646 1618 Herald.

132 1639 353 1680 Animadv.
375 1639 399 1679 l.
426 1652 462 1678 2.
486 1653 520 1678 c.
542 1653 574 1678 1.
599 1643 641 1678 ct
665 1638 792 1678 Petit.
815 1638 868 1678 ad
893 1637 978 1676 LL.
1002 1636 1138 1677 Attio.
1155 1636 1223 1676 lib.
1246 1648 1282 1676 2.
1299 1635 1367 1676 tit.
1385 1648 1424 1689 3.
1448 1635 1562 1688 Lege
1580 1648 1644 1676 12.

192 1696 239 1735 ln
263 1696 442 1749 quodam
463 1694 689 1748 exemplari
717 1708 809 1734 11160
836 1694 1085 1734 adnotatum
1116 1691 1251 1732 inveni
1284 1692 1390 1732 hanc
1412 1691 1646 1731 orationem

131 1767 213 1791 non
245 1752 374 1792 videri
409 1766 434 1791 a
468 1751 750 1791 Demosthene
787 1764 876 1791 esse
911 1750 1155 1804 profectam,
1188 1754 1278 1788 tum
1311 1747 1408 1801 quia
1444 1748 1646 1799 ἀποψηφί-

131 1812 265 1856 ζεσθαι
296 1808 362 1848 1116
394 1807 647 1861 saepiuscule
669 1805 971 1847 condemnandi
1000 1820 1138 1853 sensu,
1160 1805 1270 1857 quod
1292 1804 1456 1843 videtur
1476 1818 1566 1843 6886
1587 1803 1646 1842 111-

133 1864 344 1911 solentius,
363 1868 567 1911 occurrat,
591 1868 681 1903 tum
699 1863 808 1917 quod
832 1877 881 1902 ex
901 1861 1148 1915 quibusdam
1171 1860 1333 1900 indiciis
1356 1864 1520 1899 constet
1542 1859 1644 1899 haec

133 1921 390 1974 temporibus
426 1934 515 1959 6886
554 1919 768 1972 superiora
801 1932 925 1971 quam
958 1922 1006 1957 ut
1041 1917 1096 1957 ad
1129 1915 1425 1956 Demosthenis
1461 1919 1646 1955 aetatem

134 1977 370 2031 pertingere
392 1975 617 2029 potuerint.
681 1975 756 2015 Ait
779 1974 886 2014 enim
908 1973 1143 2014 Euxitheus
1166 1977 1329 2027 patrem
1351 1986 1470 2011 suum
1498 1975 1645 2011 natum

135 2047 222 2072 esse
253 2038 352 2072 ante
378 2032 605 2078 Euclidem,
630 2031 791 2085 Olymp.
818 2044 883 2084 94,
909 2042 957 2077 2.,
985 2030 1110 2069 immo
1142 2029 1353 2083 captivum
1382 2028 1508 2067 fuisse
1538 2027 1645 2067 bello

136 2088 339 2137 Decelico,
364 2088 526 2142 Olymp.
552 2101 617 2141 91,
640 2102 679 2138 4.
742 2087 876 2126 Porro
897 2101 940 2127 se
962 2086 1095 2140 ipsum
1121 2090 1267 2126 natum
1289 2099 1378 2125 esse
1400 2097 1645 2124 commemo-

134 2150 215 2186 rat.
239 2160 332 2185 611111
354 2144 637 2198 Thrasybulus
657 2144 710 2184 ad
734 2143 931 2197 Abydum
953 2142 1206 2183 militaverit.
1260 2141 1367 2180 Illud
1387 2146 1531 2181 autem
1552 2154 1646 2179 6011-

134 2201 233 2255 tigit
264 2201 372 2241 circa
394 2201 556 2255 Olymp.
584 2212 651 2254 97.
714 2200 874 2240 Deinde
906 2204 1084 2240 matrem
1117 2213 1204 2238 esse
1239 2197 1519 2251 superstitem,
1554 2211 1647 2236 611111

135 2258 237 2298 haec
274 2272 421 2297 caussa
461 2257 705 2312 agitaretur,
741 2256 976 2310 multosque
1015 2255 1120 2296 adeo
1161 2254 1397 2302 familiares,
1435 2253 1504 2307 qui
1540 2252 1647 2292 1111118

136 2313 293 2368 nuptiis
317 2314 607 2354 interfuerant.

204 2370 297 2409 Non
328 2374 570 2410 constanter
599 2370 760 2424 negabo
792 2368 976 2423 potuisse
1007 2368 1116 2408 hunc
1148 2382 1237 2408 esse
1267 2367 1423 2407 foetum
1454 2365 1647 2414 rhetoris,

139 2425 207 2478 qui
230 2426 510 2466 Demosthene
535 2426 670 2480 major
691 2431 801 2465 essct
830 2430 945 2472 natu,
970 2424 1119 2478 Lysiae
1140 2423 1346 2472 nimirum,
1369 2437 1394 2462 a
1415 2422 1532 2475 cujus
1553 2421 1647 2461 cha-

138 2486 300 2521 ractere
321 2487 363 2521 et
383 2496 532 2535 genere
559 2481 759 2521 orationis
785 2495 868 2520 non
898 2481 1105 2521 abludunt
1135 2480 1291 2520 multae
1319 2492 1490 2518 caussae
1511 2477 1644 2516 foren-

140 2551 217 2584 ses,
241 2551 347 2589 quae
375 2537 498 2577 hodie
530 2537 572 2576 in
600 2551 773 2590 corpore
795 2536 1119 2577 Demosthenico
1146 2535 1424 2589 reperiuntur,
1449 2541 1491 2572 et
1519 2532 1647 2572 nomi-

139 2593 270 2632 natim
301 2592 403 2632 haec
434 2592 523 2646 ipsa
552 2593 750 2633 adversus
780 2593 1041 2641 Eubulidem,
1064 2598 1112 2632 ut
1139 2593 1192 2632 ab
1224 2589 1424 2643 Dionysio
1455 2588 1506 2627 de
1536 2588 1645 2628 adm.

140 2650 177 2687 vi
200 2648 416 2688 Demosth.
439 2663 471 2688 6.
494 2662 557 2701 13.
587 2649 809 2689 memoriae
839 2649 1055 2702 proditur:
1095 2650 1143 2687 Εἰ
1173 2651 1268 2698 γοῦν
1298 2647 1349 2696 μὴ
1380 2647 1442 2685 διὰ
1472 2647 1537 2693 τῆς
1568 2645 1647 2684 ἐπι-

140 2707 290 2755 γραφῆς
315 2705 464 2746 οὗτινός
494 2706 601 2744 ἐστιν
626 2704 802 2756 ἑκάτερος
832 2709 908 2744 τῶυ
938 2706 1070 2756 λόγωι)
1100 2704 1289 2755 γνώριμος
1319 2701 1379 2751 ἦν,
1405 2700 1494 2740 &MC
1517 2701 1646 2739 ἀνεπι-

140 2760 307 2811 γράφοις
335 2761 611 2812 περιετύχομεν
636 2760 776 2806 αὐτοῖς,
807 2761 849 2800 οὐ
879 2761 1051 2801 πολλοὺς
1082 2760 1130 2799 ἂν
1150 2760 1256 2808 ἡμῶν
1277 2759 1404 2807 οἴομαι
1435 2759 1647 2807 διαγνῶναι

141 2817 276 2868 ῥᾳδίως
296 2817 460 2866 πότεροι)
483 2815 761 2865 Δημοσθένους
783 2818 890 2856 ἐστὶν
910 2815 932 2866 ἢ
954 2817 1112 2855 Λυσίου
1141 2815 1332 2862 τοσαύτην
1354 2815 1390 2852 οἱ,
1411 2813 1649 2864 χαρακτῆρες

143 2873 347 2921 ὁμοιότητα
377 2872 472 2922 πρὸς
503 2871 700 2921 ἀλλήλους
727 2872 873 2924 ἔχουσι.
914 2873 1086 2912 τοιοῦτός
1109 2872 1192 2910 ἐστι
1219 2869 1278 2909 καὶ
1301 2870 1320 2908 ὁ
1343 2868 1437 2919 πρὸς
1451 2867 1648 2907 Ἀπολλό-

143 2931 265 2978 δωρον
286 2929 380 2978 ὑπὲρ
403 2929 642 2978 Φορμίωνος,
664 2928 725 2967 καὶ
753 2930 772 2967 ὁ
802 2926 880 2968 κατ’
898 2927 1216 2978 Ὀλυμπιοδώρου
1245 2927 1308 2975 τῆς
1338 2924 1509 2974 βλάβης,
1539 2924 1599 2963 καὶ
1629 2925 1648 2962 ὁ
