1935 3200
289 119 400 160 1130
784 120 898 159 PRO
933 119 1312 162 PHORMIONE.

346 234 441 278 952,
464 223 526 264 18.
555 224 622 265 τὸν
643 228 706 275 τῆς
734 227 972 275 προθεσμίας
1001 229 1136 277 νόμον]
1173 227 1289 267 Citat
1317 227 1359 266 h.
1381 227 1407 266 1.
1432 227 1745 281 Harpocration
1766 243 1802 269 v.

290 282 541 331 Προθεσμίας
563 282 690 331 νόμος.
736 281 930 321 REISK.

347 349 441 388 952,
469 348 531 375 22.
553 337 622 376 τὸν
642 336 809 390 χρόνον]
844 338 1028 378 Subaudi
1052 340 1093 378 ἐν
1115 337 1142 392 ᾦ
1165 342 1225 378 δεῖ
1243 339 1474 388 δικάζεσθαι,
1498 353 1571 393 quo
1589 340 1659 392 scos
1671 347 1807 392 petere

290 390 390 432 licet.
433 392 628 432 REISK.

347 462 371 501 9
375 458 442 501 52,
468 460 532 500 29.
554 450 666 500 ὑμᾶς]
706 449 755 488 Id
786 454 862 497 est,
890 450 1088 503 populum
1112 450 1428 491 Atheniensem.
1491 451 1519 490 J
1524 451 1666 492 udices
1697 452 1805 492 enim

289 504 340 543 de
362 504 480 557 plebe
502 505 788 545 sumebantur.
831 505 1027 546 REISK.

347 571 445 613 953,
470 574 504 600 1.
537 561 837 613 εἰσπράξασθαι]
875 562 1114 602 Pecuniam.
1160 561 1212 602 V.
1247 563 1422 603 Wessel.
1455 563 1509 603 ad
1542 564 1672 604 Petiti
1706 564 1804 618 Leg.

293 616 385 655 Att.
408 631 448 669 p.
472 630 545 670 131
559 647 567 655 .

348 686 371 725 9
375 684 442 725 53,
468 685 504 712 2.
526 673 596 712 τὸν
615 673 780 727 χρόνον]
810 674 996 715 Subaudi
1019 675 1086 714 τὸν
1108 677 1308 724 πενταετῆ.
1371 675 1590 716 Sententia
1611 676 1689 715 loci
1712 677 1806 716 sub-

290 728 540 768 obscurioris
584 729 687 769 haec
726 729 892 770 videtur
938 745 1058 771 esse:
1111 730 1328 770 Judicavit
1369 731 1584 785 legislator
1625 732 1807 786 spatium

291 783 561 837 quinquennii
590 785 692 825 satis
720 785 889 840 longum
917 801 1005 827 esse
1034 787 1087 826 ad
1115 787 1334 826 mendaces
1363 787 1570 841 perspicui
1599 788 1806 829 mendacii

289 841 561 894 arguendum.
622 841 701 892 Qui
725 842 758 881 si
782 842 882 896 quid
910 843 1287 891 comminiscantur.
1311 858 1392 896 quo
1421 858 1517 883 suos
1539 844 1727 884 inimicos
1747 845 1807 884 in-

290 901 487 937 nocentes
508 903 659 938 vexent
687 898 738 937 de
766 899 968 939 ementita
996 898 1134 939 nescio
1156 914 1238 952 qua
1266 899 1427 953 injuria,
1451 915 1576 953 quam
1604 901 1681 941 sibi
1706 905 1807 941 ante

289 952 616 1006 quinquennium
652 953 813 994 illatam
848 955 1118 1005 mentiantur,
1154 955 1288 1009 possit
1324 955 1373 995 iis
1408 956 1468 996 ita
1504 957 1696 997 occurri:
1742 957 1807 997 Tu

289 1023 397 1048 nunc
426 1009 592 1049 demum
614 1011 798 1062 quereris
815 1013 828 1051 ’ζ
859 1016 956 1064 post
984 1011 1322 1065 quinquennium,
1345 1013 1468 1052 rebus
1489 1013 1577 1066 jam
1602 1013 1807 1054 oblivione

289 1064 553 1106 obliteratis?
586 1066 694 1106 Toto
723 1066 791 1106 illo
823 1067 1042 1121 interjecto
1070 1073 1260 1121 tempore
1287 1068 1485 1108 tacuisti?
1516 1083 1598 1108 non
1626 1074 1669 1109 te
1698 1083 1808 1109 com-

288 1121 443 1161 mosti}
475 1122 682 1162 Credibile
711 1138 793 1162 non
821 1128 886 1163 est
907 1128 950 1164 te
977 1124 1018 1163 id
1040 1124 1355 1163 commissurum
1383 1124 1520 1173 fuisse,
1545 1124 1578 1164 si
1606 1139 1700 1166 vere
1728 1125 1807 1166 tibi

288 1177 436 1217 fuisset
469 1192 530 1226 ea,
565 1179 616 1218 de
649 1192 731 1231 qua
765 1180 961 1233 quereris,
994 1180 1146 1233 injuria
1179 1180 1333 1220 oblata.
1397 1181 1593 1221 Mentiris
1628 1196 1727 1236 ergo
1763 1186 1807 1223 et

289 1233 565 1275 calumniaris.
599 1235 793 1275 REISK.
858 1236 971 1276 Satis
1000 1237 1172 1276 verbose
1202 1237 1253 1276 de
1280 1237 1384 1284 1000,
1412 1236 1481 1291 qui
1509 1237 1611 1276 mihi
1640 1238 1807 1291 quidem

287 1303 370 1328 non
395 1289 560 1330 videtur
584 1292 888 1331 subobscurior.
951 1293 1022 1331 Ad
1046 1295 1142 1332 κατὰ
1162 1293 1427 1333 ὃὲ--ἕσεσθαι
1447 1293 1688 1347 simpliciter
1708 1295 1805 1334 sub-

288 1345 387 1385 audi
408 1362 415 1385 :
450 1346 483 1385 si
504 1361 579 1400 per
600 1352 666 1387 tot
687 1363 819 1388 annos
841 1348 1084 1388 tacuissent.
1119 1349 1370 1389 SCHAEF.

346 1415 441 1455 953,
459 1416 499 1455 5.
521 1403 589 1443 τὸν
611 1405 943 1458 νόμονψὲθηκεν]
969 1405 1125 1457 Legem
1146 1408 1211 1454 τῆς
1231 1407 1469 1456 προθεσμίας
1490 1405 1645 1446 dietam
1666 1406 1808 1460 posuit

288 1457 330 1496 in
361 1458 451 1498 loco
481 1459 667 1505 testium.
695 1465 742 1500 ut
773 1460 841 1501 illa
873 1461 939 1500 lex
971 1461 1051 1500 reis·
1078 1461 1169 1501 1000
1196 1461 1369 1503 testium
1397 1465 1628 1502 testaretur
1655 1476 1808 1516 eosque

287 1514 534 1555 absolveret.
598 1516 779 1556 Cautum
810 1517 919 1556 enim
947 1522 1039 1557 erat
1062 1517 1129 1557 illa
1157 1517 1248 1571 lege
1273 1523 1333 1565 ut,
1358 1532 1532 1570 quarum
1559 1518 1807 1572 injuriarum

287 1570 474 1610 actiones
497 1571 609 1611 intra
630 1572 957 1625 quinquennium
979 1587 1061 1612 non
1087 1579 1226 1613 essent
1252 1578 1468 1626 susceptae
1490 1589 1622 1627 neque
1648 1589 1807 1628 poenae

287 1626 510 1680 repetitae,
533 1642 605 1667 eae
630 1629 816 1668 actiones
838 1630 960 1682 plane
982 1634 1236 1683 negarentur
1258 1635 1301 1669 et
1321 1630 1522 1669 memoria
1547 1631 1681 1670 omnis
1701 1630 1807 1684 inju-

288 1681 447 1722 riarum
469 1688 673 1737 tanquam
695 1685 901 1725 nullarum
921 1685 1173 1725 aboleretur.
1208 1685 1406 1726 REISK.

347 1752 371 1790 9
375 1752 398 1791 5
404 1752 442 1791 3,
466 1742 506 1779 6.
537 1745 616 1782 τοῖς
647 1741 817 1793 ἐρήμοις]
844 1741 948 1790 Illis,
971 1742 1040 1795 ([1ιί
1064 1741 1221 1782 testibus
1241 1748 1429 1790 carerent,
1452 1742 1614 1782 desertis
1634 1749 1668 1783 et
1686 1742 1809 1783 nudis

289 1793 339 1833 ab
361 1795 469 1835 ommi
480 1797 702 1849 praesidio.
736 1797 931 1837 REISK.

347 1862 444 1904 953,
471 1865 534 1891 12.
556 1855 661 1904 παρὰ
684 1857 760 1892 τῶν
789 1854 927 1903 κυρίων
949 1854 1208 1905 ἀπαλλαγεὶς]
1236 1852 1344 1893 Nam
1367 1868 1508 1894 servus
1534 1868 1617 1894 non
1638 1858 1808 1908 poterat

290 1908 630 1948 contubernalem
658 1923 786 1957 suam,
816 1909 857 1948 in
890 1924 1013 1963 quam
1045 1910 1123 1964 ipsi
1148 1910 1216 1963 jus
1247 1910 1403 1949 nullum
1433 1915 1556 1959 esset⁷
1589 1911 1661 1951 secl
1691 1911 1805 1959 hero,

289 1962 360 2002 alii
382 1968 558 2017 nuptum
581 1965 796 2005 collocare.
829 1966 1022 2005 REISK.

348 2030 443 2072 953,
470 2033 535 2073 13.
563 2022 694 2071 ὥσπερ
721 2023 740 2060 ὁ
766 2023 902 2061 τούτου
930 2022 1070 2073 πατὴρ]
1098 2021 1367 2076 Ambiguum,
1389 2026 1532 2062 utrum
1560 2023 1808 2075 ἀπαλλαγεὶς

293 2076 437 2126 ὥσπερ,
474 2081 522 2116 ut
563 2077 767 2131 significet
807 2082 850 2117 et
887 2077 1109 2118 Pasionem
1149 2077 1276 2117 fuisse
1320 2078 1573 2123 libertinum„
1614 2078 1656 2118 id
1696 2079 1808 2132 quod

290 2135 439 2183 postea
467 2132 570 2172 dicit
599 2138 757 2186 aperte,
790 2147 953 2173 servum
982 2148 1077 2173 eum
1107 2134 1233 2174 fuisse
1264 2134 1531 2174 Archestrati
1562 2135 1806 2188 argentarii,

289 2201 344 2226 an
366 2187 508 2227 ἔδωκεν
529 2190 672 2239 ὥσπερ,
697 2193 743 2228 111
771 2190 979 2229 referatur
999 2190 1053 2230 ad
1082 2190 1332 2243 conjugium,
1355 2205 1437 2229 non
1465 2190 1519 2230 acl
1549 2191 1806 2234 servitutem.

292 2242 486 2282 WOLF.
549 2244 766 2284 Posterius
787 2246 931 2298 probo.
965 2246 1216 2286 SGHAEF.

348 2312 442 2351 953,
470 2312 533 2351 15.
578 2301 715 2340 ἑαυτοῦ
754 2318 847 2341 ποτε
882 2301 1101 2355 γενομένῳ]
1147 2303 1186 2340 S.
1220 2304 1356 2356 δούλῳ,
1395 2303 1651 2342 δουλεύσαντι
1691 2303 1806 2357 αὐτῷ.

294 2353 487 2395 WOLF.
548 2356 721 2395 Phrasis
749 2358 926 2397 recurrit
955 2373 987 2396 v.
1014 2370 1075 2410 17.
1138 2358 1250 2398 Add.
1278 2373 1318 2411 p.
1344 2358 1438 2411 958,
1461 2372 1523 2411 19.
1550 2370 1614 2398 21.
1647 2369 1745 2412 959,
1768 2371 1804 2412 7.

296 2423 359 2451 12.
388 2424 453 2463 15.
515 2411 726 2451 Disertius
762 2415 812 2465 τῷ
852 2415 990 2452 ἑαυτοῦ
1024 2414 1152 2468 οἰκέτῃ
1188 2428 1224 2452 v.
1251 2427 1314 2467 19.
1368 2414 1420 2452 V.
1446 2413 1491 2452 L.
1516 2414 1629 2454 Bosii
1661 2415 1805 2469 Ellips.

290 2481 330 2519 p.
357 2478 450 2517 117.
511 2468 619 2508 Cave
647 2472 789 2507 autem
820 2468 862 2507 in
890 2469 953 2508 his
981 2469 1259 2509 locutionibus
1287 2470 1338 2509 de
1368 2469 1499 2522 ellipsi
1527 2470 1640 2510 vocis
1668 2474 1806 2513 δοῦλος

291 2537 322 2561 s.
357 2523 506 2572 οἰκέτης
537 2523 704 2577 cogites.
768 2524 885 2564 Conf.
914 2524 1006 2564 Ind.
1035 2526 1090 2565 ad
1118 2525 1242 2566 schol.
1267 2525 1449 2579 Apollon
1478 2526 1613 2566 Rhod.
1643 2542 1683 2580 p.
1707 2528 1803 2581 656.

293 2578 542 2619 SOHAEF.

350 2645 444 2688 953,
471 2636 533 2674 16.
563 2636 646 2675 ὄντι
669 2636 729 2674 καὶ
753 2635 877 2688 ζῶντι]
902 2635 955 2675 V.
977 2636 1030 2676 ad
1052 2651 1091 2689 p.
1119 2639 1211 2686 248,
1238 2651 1301 2689 25.

349 2701 443 2744 953,
470 2692 534 2730 26.
565 2692 604 2739 ἐξ
633 2692 770 2743 ἀρχῆς]
796 2691 1002 2731 Cohaeret
1031 2706 1125 2731 cum
1154 2694 1364 2741 ἀξιωθεῖσι.
1397 2692 1591 2733 REISK.
1656 2694 1805 2734 Malim

292 2746 446 2785 referre
466 2747 522 2786 ad
542 2747 587 2801 τῇ
610 2748 730 2800 τύχῃε
764 2751 811 2786 ut
832 2745 886 2786 sit
909 2747 932 2786 i.
956 2762 992 2799 q.
1018 2750 1060 2796 τῇ
1083 2747 1113 2787 δ’
1134 2747 1180 2796 ἐξ
1199 2749 1319 2800 ἀρχῆς
1340 2750 1448 2800 τύχῃ.
1483 2749 1732 2789 SOHAEF.

348 2803 682 2857 χρηματίσασθαι]
717 2802 935 2842 Sententia
968 2808 1058 2842 est:
1096 2803 1175 2853 Qui
1208 2803 1286 2843 hoc
1318 2804 1575 2853 beneficium,
1603 2806 1672 2858 jus
1702 2805 1799 2845 civi-

292 2859 393 2898 tatis
421 2863 535 2911 puta,
566 2873 636 2897 seu
664 2873 689 2898 a
716 2858 830 2897 vobis
859 2873 929 2897 seu
961 2859 1013 2898 ab
1042 2858 1133 2898 aliis
1162 2859 1473 2913 quibuscunque
1503 2860 1564 2911 (in
1592 2861 1675 2901 alia
1704 2876 1803 2914 qua-

291 2914 402 2966 piam
433 2915 619 2961 civitate)
654 2914 840 2968 gratuito
871 2914 1013 2968 adepti
1044 2919 1137 2954 sunt
1173 2920 1211 2955 et
1245 2916 1449 2956 secundae
1480 2918 1671 2958 fortunae
1703 2931 1801 2958 suae
