1935 3200
329 149 439 189 1282
704 148 1026 188 ADVERSUS
1061 147 1455 187 TIMOTHEUM.

329 262 486 310 κείμενα
508 259 569 298 vel
590 258 839 310 τετηρημένα.
902 259 1164 311 Quamquam
1185 257 1313 297 etiam
1332 257 1503 311 vulgata
1523 255 1692 310 probari
1714 259 1842 309 queat

327 317 400 363 sic,
422 321 470 355 ut
496 315 774 354 subaudiatur
803 316 1103 364 λαμΒαυόμενα,
1136 313 1312 367 repetita,
1335 314 1533 366 profecta.
1597 313 1732 366 Saepe
1763 314 1839 353 ἀπὸ

327 373 368 412 in
400 371 635 424 hujusmodi
666 370 887 424 phrasibus
918 370 1151 410 redundat:
1184 374 1227 409 et
1256 371 1303 408 τὰ
1324 368 1399 408 ἀπὸ
1426 371 1489 418 τῆς
1518 367 1701 419 τραπέζης
1720 368 1840 419 γράμ-

325 445 429 478 ματα
458 431 557 467 sunt
582 426 692 466 idem
723 431 852 480 atque
876 428 925 466 τὰ
951 429 1016 475 τῆς
1046 424 1242 476 τραπέζης,
1266 428 1314 464 ut
1335 423 1461 464 etiam
1482 424 1523 463 in
1545 424 1703 478 vulgari
1728 424 1840 464 Lati-

327 483 462 524 nitate
482 483 590 522 homo
611 483 658 523 de
678 482 794 522 curia
814 496 892 536 pro
912 482 1020 522 homo
1040 481 1189 521 curiae.
1221 479 1421 520 REISK.
1480 478 1685 520 Revocavi
1708 481 1796 519 ἀπό.

389 551 509 592 1203,
534 541 571 578 ὃ.
593 540 708 588 ταύτῃ
730 539 939 591 ἀπολογίᾳ]
966 537 1050 577 Alii
1073 537 1167 577 libri
1189 538 1306 586 ταύτῃ
1328 538 1372 590 τῇ
1394 537 1602 589 ἀπολογίᾳ.
1666 535 1840 575 Utrum-

327 609 406 649 que
439 595 609 643 bonum,
644 595 718 634 sed
752 594 791 633 vi
832 594 1005 633 diversa.
1047 594 1162 643 ταύτῃ
1196 595 1242 647 τῇ
1282 593 1490 645 ἀπολογίᾳ,
1526 591 1599 631 kae
1629 590 1838 645 apoloyia:

326 652 443 701 ταύτῃ
475 652 681 704 ἀπολογίᾳ,
715 650 782 690 Ιιοσ
816 651 1100 704 (argumento)
1132 655 1324 701 tanquam
1354 647 1548 701 apoloyia.
1610 647 1766 687 Orator
1800 662 1839 701 p.

332 720 451 760 1233,
476 718 540 759 243.
565 707 979 757 ἱερωσύνην-ταύτην
999 706 1170 757 ἔχοντες.
1214 703 1457 743 Herodotus
1479 717 1517 754 4,
1541 705 1606 757 65.
1624 707 1731 743 extr.
1753 704 1841 743 ταύ-

326 779 397 811 την
437 764 701 813 ἀνδραγαθίην
740 761 936 813 λέγοντες.
988 760 1227 814 Xenophon
1260 759 1439 813 Apolog.
1471 772 1510 812 3.
1546 760 1667 809 ἥνπερ
1704 761 1840 808 νομίζω

325 818 495 868 μελέτην
528 818 625 858 εἶναι
665 819 883 867 καλλίστην
915 818 1142 868 ἀπολογίας.
1205 815 1322 855 Idem
1360 815 1593 855 Memorab.
1626 829 1668 866 4,
1700 816 1738 863 6,
1777 825 1839 869 15.

327 876 491 924 νομίζων
521 875 663 923 ταύτην
692 874 762 923 τὴν
793 872 1020 924 ἀσφάλειαν
1051 872 1150 913 εἶναι
1177 873 1314 923 λόγου.
1377 871 1525 911 Malim
1550 872 1692 919 ταύτην
1713 871 1841 922 ἀσφά-

326 936 440 970 λειαν
475 944 569 969 cum
602 929 746 970 Corae.
814 929 1037 982 Dionysius
1073 928 1125 968 A.
1150 928 1200 968 R.
1228 941 1289 969 11.
1320 940 1348 966 1.
1388 931 1494 967 extr.
1530 927 1731 978 προσθήκη
1765 929 1841 978 γὰρ

328 988 422 1036 αὕτη
453 1003 499 1037 γε
531 987 592 1026 καὶ
622 986 828 1026 τελευταία
859 988 925 1035 τῆς
952 986 1069 1037 ὀργῆς
1096 988 1171 1024 τῶν
1204 987 1376 1034 δημοτῶν
1409 984 1522 1022 αἰτία.
1585 982 1671 1022 Nec
1699 987 1841 1022 tamen

328 1042 479 1082 Graeci
509 1046 658 1082 neutro
691 1041 949 1095 pronominis
983 1054 1150 1094 genere,
1181 1040 1291 1094 quod
1320 1053 1394 1078 nos
1431 1038 1630 1079 Germani
1663 1053 1839 1092 usurpa-

327 1112 431 1145 mus,
464 1112 547 1138 non
575 1102 765 1138 utuntur.
828 1097 950 1137 Plato
985 1097 1163 1136 Phaedr.
1194 1110 1235 1149 p.
1261 1108 1356 1148 249.
1386 1095 1498 1134 HSt.
1523 1097 1634 1134 τοῦτο
1664 1094 1707 1134 δέ
1732 1096 1842 1134 ἐστιν

328 1154 554 1204 ἀνάμνησις.
617 1154 803 1204 Quocum
834 1167 932 1193 cave
961 1167 1185 1206 componas
1219 1151 1330 1204 quod
1362 1150 1514 1205 legitur
1541 1166 1581 1204 p.
1602 1160 1696 1204 245.
1727 1154 1840 1190 τοῦτο

327 1210 430 1261 πηγὴ
459 1211 521 1249 καὶ
556 1210 656 1262 ἀρχὴ
690 1209 897 1259 κινήσεως-ε
932 1208 1086 1262 quippe
1126 1210 1236 1247 τοῦτο
1269 1207 1336 1246 hic
1372 1207 1552 1246 refertur
1582 1207 1637 1246 ad
1671 1207 1715 1246 τὸ
1748 1207 1840 1246 αὑτὸ

328 1269 471 1313 κινοῦν,
504 1265 614 1318 quod
645 1264 882 1305 antecessit.
938 1264 1179 1317 Xenophon
1210 1263 1348 1302 Anab.
1378 1273 1414 1315 7,
1441 1273 1476 1315 7,
1498 1275 1568 1315 31.
1602 1263 1741 1302 οὐκοῦν
1772 1265 1841 1302 νῦν

328 1322 391 1361 καὶ
420 1324 533 1361 τοῦτο
566 1324 752 1370 κίνδυνος,
779 1322 830 1371 μὴ
860 1320 1087 1370 λάβωσι-.
1149 1319 1268 1369 Quod
1291 1333 1384 1358 cum
1409 1332 1574 1358 sensum
1595 1318 1698 1358 satis
1719 1332 1840 1372 expe-

327 1377 461 1417 ditum
484 1377 651 1425 habeat,
674 1376 765 1417 vide
787 1376 887 1416 mihi
910 1390 1013 1429 quas
1034 1376 1183 1415 turbas
1204 1374 1490 1414 concitaverit.
1524 1373 1776 1415 SCHAEF.

389 1446 509 1486 1203,
536 1444 600 1486 27.
632 1432 781 1482 ὀμόσας
811 1432 1082 1485 ἀπηλλάχθαι]
1113 1430 1318 1470 Wolfius:
1343 1429 1573 1484 postulabat
1592 1436 1626 1470 et
1646 1431 1730 1483 ipse
1749 1430 1841 1470 clato

317 1489 587 1542 jmzfy'urando
618 1504 656 1528 se
688 1488 864 1529 liberari.
927 1488 1093 1535 Sensus,
1128 1487 1205 1526 nisi
1234 1486 1364 1534 fallor,
1402 1486 1467 1525 hic
1504 1490 1592 1526 est:
1624 1485 1688 1526 hic
1721 1486 1842 1526 etiam

329 1546 409 1599 ipse
439 1545 544 1585 nihil
572 1551 776 1585 cunctatus
793 1545 943 1597 sumre
974 1558 1012 1583 se
1043 1543 1136 1583 velle
1165 1541 1308 1582 aiebat.
1369 1542 1492 1582 Plato
1524 1541 1650 1595 Gorg.
1679 1557 1719 1595 p.
1743 1556 1840 1595 49¹.

328 1601 441 1641 HSt.
467 1602 586 1640 εἰπὼν
607 1601 874 1653 ἀπαλλάγηθι,
893 1600 1080 1654 protinus
1100 1599 1177 1639 die.
1239 1598 1360 1649 Quod
1391 1597 1643 1637 simillimum
1672 1602 1737 1638 est
1769 1598 1841 1638 So-

329 1657 502 1710 phocleo
525 1656 719 1697 Trachin.
734 1670 748 1695 1
764 1669 851 1698 122.
876 1657 1185 1705 εἰπὼν-λῆξον.
1209 1654 1261 1695 ad
1284 1654 1361 1707 q.l.
1387 1653 1478 1694 vide
1500 1668 1607 1707 quae
1622 1653 1840 1707 adscripsi.

330 1712 583 1753 SOHAEF.

390 1782 511 1819 1204,
542 1780 601 1808 12.
634 1768 924 1819 καθιερώσαντα
956 1767 1024 1816 τὴν
1055 1767 1194 1806 οὐσίαν
1219 1767 1286 1816 τὴν
1314 1765 1471 1820 ἑαυτοῦ]
1506 1765 1784 1805 Consecratae
1813 1779 1840 1805 a

328 1824 600 1864 morientibus
615 1823 814 1877 pecuniae
828 1823 1017 1877 exempla
1032 1823 1114 1863 alia
1127 1822 1333 1876 quaedam
1348 1820 1548 1861 indicavit
1563 1821 1840 1861 Schoemann.

327 1881 381 1921 ad
407 1880 569 1920 Isaeum
591 1895 632 1933 p.
655 1889 747 1933 273.
