1935 3200
297 137 409 176 1430
883 134 1213 175 PROOEMIA.

298 240 420 280 docet
446 239 556 292 quod
591 237 736 278 statim
772 238 970 292 sequitur,
999 241 1046 278 τὰ
1076 239 1282 290 πράγματα
1312 238 1505 290 ἐγγυτέρω
1536 239 1799 292 προσάγοντα.

298 296 363 336 De
384 311 419 335 v.
443 295 618 346 εἰρωνεία
638 309 675 334 v.
699 293 790 333 Ind.
816 294 1047 335 Graecitat.
1087 295 1333 334 SCHAEF.

359 351 478 403 1428,
507 352 546 390 6.
577 350 848 403 προσάγοντα]
893 350 1108 402 προσάγειν
1138 352 1174 390 οἱ
1207 350 1385 400 πολέμιοι
1420 351 1615 391 dicuntur
1646 351 1800 399 hostes,

298 422 391 447 cum
412 406 640 447 exercitum
661 406 897 446 admovent.
948 406 1050 460 Legi
1072 406 1198 446 etiam
1213 411 1339 460 queat
1359 408 1585 457 προσιόντα.
1610 407 1801 447 WOLF.

359 464 479 513 1428,
496 463 532 501 8.
557 461 686 515 ἔχητε]
720 463 827 512 ἐξητε
848 479 907 514 γρ.
928 463 969 502 S.
991 463 1039 513 Q.
1088 462 1361 503 Scribendum
1385 463 1501 511 ἕξετε,
1522 477 1603 516 quo
1623 463 1803 517 probato

298 519 426 560 etiam
446 518 627 570 μάχησθε
647 517 689 556 111
709 521 902 570 μαχεῖσθε
923 518 1182 558 mutandum.
1226 518 1480 559 SOHAEF.

359 577 561 626 1428,10.
585 575 656 626 IE]
693 574 796 614 Cum
818 574 894 613 hoc
915 574 1128 628 prooemio
1149 579 1443 627 comparentur
1464 574 1631 627 Olynth.
1657 574 1740 614 III.
1761 589 1801 628 p.

301 643 369 685 29,
391 632 428 670 8.
452 631 485 670 Ι.
510 643 630 684 p.14‚
650 644 685 669 1.

360 699 479 741 1429,
504 689 540 725 6.
569 687 638 736 τὴν
664 687 952 735 δόξαν-κατὰ
986 690 1051 736 τῆς
1084 687 1255 739 πόλεως]
1301 685 1661 740 Opinionem—de
1694 683 1804 725 urbe.

301 742 550 784 SCHAEF.

357 800 419 838 καὶ
438 797 655 851 βούλομαι]
692 797 855 838 Scilicet
881 800 1006 848 ἇληθη
1032 797 1142 837 εἶναι.
1176 797 1404 837 REISK.
1394 812 1435 837 ln
1459 798 1550 838 Ind.
1575 797 1804 838 Graecitat.

299 870 332 895 S.
351 870 385 895 v.
410 854 517 894 κατά.
560 854 810 894 SCHAEF.

362 921 557 964 1429,15.
579 910 692 959 τοῦτ’,
710 909 894 961 ἀφέντας]
922 909 1060 963 Lego:
1094 911 1127 949 εἰ
1148 911 1188 948 δὲ
1209 910 1273 959 μὴ,
1292 908 1367 948 τότ’
1384 909 1536 960 ἀφέντα
1548 934 1618 949 —.
1649 909 1712 949 sin
1733 910 1807 949 mi-

300 981 385 1013 ηιιε,
406 972 487 1006 tum
507 966 656 1006 omissis
668 991 736 1005 —.
770 965 962 1005 WOLF.
1022 964 1120 1004 τοῦτ’
1137 979 1187 1004 ne
1209 969 1355 1005 mutes,
1399 965 1585 1006 Subaudi
1606 965 1805 1017 προσήκει.

303 1022 551 1064 SCHAEF.
603 1022 756 1071 ἀφέντα
775 1035 884 1060 1111110
906 1020 1058 1074 legitur
1079 1036 1130 1060 ex
1151 1021 1371 1061 codicibus.

361 1090 483 1129 1429,
503 1088 564 1128 17.
589 1077 655 1131 τὰ]
690 1078 784 1116 Νο11
810 1077 1007 1116 cohaeret
1037 1091 1130 1116 cum
1160 1077 1349 1130 proximo
1377 1076 1595 1128 πράγματα,
1620 1078 1692 1117 sed
1714 1091 1806 1117 cum

299 1134 512 1174 remotiori
534 1133 828 1182 λελυμασμένα.
863 1132 1055 1173 REISK.
1118 1132 1211 1172 Non
1232 1132 1450 1172 assentior.
1498 1147 1556 1172 res
1576 1147 1705 1173 omnes
1715 1146 1806 1187 pes-

299 1190 503 1231 szmclatas.
546 1189 797 1229 SOHAEF.

362 1259 481 1299 1429,
508 1258 572 1286 20.
597 1245 900 1297 τοὺς-πεῖραν]
936 1245 1002 1284 De
1031 1243 1171 1298 quibus
1200 1244 1248 1283 vid
1276 1243 1447 1284 nondum
1476 1251 1712 1297 compertum
1741 1251 1807 1285 est.

302 1301 523 1343 Sententia
558 1305 634 1349 cst,
667 1305 827 1340 veteres
866 1301 1139 1353 magistratus
1179 1299 1469 1349 emolumenta,
1505 1299 1683 1340 novitios
1718 1300 1805 1354 glo-

301 1359 407 1398 riam
437 1358 591 1397 habere
622 1356 892 1410 propositam.
915 1361 1087 1396 neutros
1113 1360 1305 1409 spectare
1329 1355 1555 1396 utilitatem
1586 1356 1806 1409 publicam.

300 1414 495 1454 WOLF.
546 1414 693 1459 τούτου,
712 1416 778 1451 τοῦ
800 1416 1031 1463 δημηγορεῖν
1052 1412 1222 1452 scilicet.
1265 1412 1344 1465 qai,
1369 1412 1468 1464 quid
1487 1412 1531 1451 in
1551 1412 1713 1452 (licendo
1733 1413 1808 1464 ff-

300 1485 382 1510 cere
393 1470 562 1524 possint,
585 1468 758 1508 nondum
777 1469 966 1522 specimen
986 1468 1191 1508 dederant.
1227 1467 1475 1507 SEAGER.
1498 1467 1615 1508 Diar.
1638 1468 1806 1508 Classic.

301 1528 368 1566 61.
404 1542 430 1566 ).
454 1526 520 1565 68.

361 1541 482 1634 121129,
509 1594 572 1635 23.
596 1582 694 1634 δεῖι]
731 1580 896 1620 Scilicet
917 1584 1054 1620 ποιεῖν.
1099 1579 1353 1620 SCHAEF

363 1651 484 1691 1429,
510 1639 574 1678 26.
599 1637 830 1689 ἂπαραινῶ]
867 1636 975 1686 Quid
1007 1636 1039 1675 si
1063 1636 1159 1687 ἅπερ
1181 1638 1274 1675 αἰιῶ
1302 1636 1441 1689 legas?
1471 1650 1528 1682 θα,
1551 1650 1652 1689 quae
1675 1635 1809 1690 probo.

304 1693 496 1733 WOLF.
557 1693 665 1733 Cave
686 1692 810 1745 legas.
857 1709 892 1731 τι
913 1709 1055 1743 παραιι
1060 1696 1116 1731 εῖν
1133 1707 1167 1730 v.
1190 1705 1250 1731 ΙΙ.
1294 1691 1544 1732 SCHAEF.

364 1762 566 1803 1430,13.
599 1749 660 1787 καὶ
687 1747 1049 1802 τοιι-συμφερειν]
1085 1748 1129 1786 Si
1162 1748 1275 1801 legas
1309 1764 1370 1787 και
1402 1751 1469 1786 τοῦ
1501 1747 1734 1799 σκέψασθαί
1759 1764 1808 1793 τι,

300 1807 466 1856 πότερον
488 1808 519 1844 6.
546 1822 596 1851 σ,
613 1808 771 1844 vertes·
805 1810 839 1843 et
860 1804 1137 1843 considemus&
1164 1804 1384 1857 quippiam,
1407 1809 1541 1843 umam
1561 1804 1609 1843 id
1620 1803 1811 1855 profutu-

302 1875 391 1900 rum
411 1875 486 1901 esse
506 1860 702 1900 videatur.
738 1860 796 1898 W
801 1859 930 1899 OLF.
992 1859 1180 1913 Vulgata
1209 1860 1313 1899 bene
1343 1859 1483 1898 habet.
1544 1863 1696 1910 πρῶτον
1716 1876 1811 1910 συμ-

302 1917 437 1968 φερειν
459 1917 485 1956 i.
506 1932 542 1969 q.
566 1916 738 1966 μάλιστα
760 1916 976 1966 συμφέρειν
990 1930 1027 1954 v.
1050 1928 1116 1955 20.
1159 1915 1409 1955 SCHAEF.

364 1986 484 2025 1430,
511 1973 567 2011 [6.
592 1971 723 2024 αὐτὸς]
759 1972 853 2024 Ipse
874 1985 948 2024 per
968 1985 1046 2019 me7
1065 1985 1148 2010 non
1169 1971 1393 2010 vobiscum.
1436 1970 1681 2010 SCHAEF.

363 2041 482 2081 1430,
502 2040 564 2068 22.
587 2028 692 2066 ταῦτ’ἢ
707 2023 931 2080 ἀμφότερα]
956 2027 979 2067 ἃ
999 2044 1041 2066 τε
1062 2031 1211 2077 συνερῶ
1233 2027 1294 2066 καὶ
1316 2027 1339 2066 ἃ
1361 2027 1519 2077 ἀντερῶ.
1559 2025 1809 2066 SCHAEF.

363 2096 483 2136 1430,
509 2085 574 2124 26.
604 2084 833 2133 μηδετέρους
861 2082 1067 2135 ἀδικοῦντι]
1101 2082 1262 2136 Quippe
1294 2082 1498 2122 ambobus
1529 2096 1612 2122 non
1644 2086 1810 2122 tantum

303 2139 562 2192 refragabor,
584 2139 657 2178 sed
678 2138 805 2178 etiam
827 2138 1101 2192 suffragabor.
1145 2138 1396 2178 SOHAEF.

366 2207 484 2246 1431,
511 2207 574 2233 21
599 2195 729 2246 Ez—]
758 2193 812 2232 V.
834 2194 949 2246 adp.
970 2196 1145 2244 1418,1.

365 2262 487 2302 1431,
512 2262 575 2290 22
606 2251 740 2298 μηδενὶ
771 2250 1157 2299 συμπολιτευόμενοι]
1198 2248 1367 2288 Nemini
1396 2252 1472 2287 τῶν
1497 2249 1811 2299 πολιτευομένων

303 2304 583 2345 auscultantes
627 2303 843 2356 Significat
865 2318 1006 2343 omnes
1027 2304 1274 2357 reipublicae
1297 2303 1558 2344 calamitates
1579 2304 1672 2344 hinc
1694 2309 1810 2344 ortas

304 2375 407 2406 esse,
423 2361 533 2414 quod
554 2374 683 2413 prava
698 2363 773 2399 τῶν
790 2361 1109 2411 δημηγορούντων
1127 2360 1296 2399 consilia
1316 2359 1448 2399 secuti
1470 2360 1566 2399 sint.
1597 2360 1810 2401 SCHAE-

366 2486 485 2526 1431,
512 2482 575 2523 25.
606 2471 693 2523 νῦν]
729 2470 905 2520 Quando
926 2471 987 2510 vel
1018 2470 1195 2510 maxime
1226 2474 1394 2524 oportet
1423 2471 1474 2521 μὴ
1500 2471 1609 2522 ἄγειν
1630 2472 1809 2524 ἡσυχίαν.

308 2528 554 2567 SCHAEF.

372 2596 487 2635 1432,
511 2596 541 2621 1.
567 2583 679 2633 ἅπερ]
717 2580 902 2621 Subaudi
924 2582 1093 2621 εἰώθατε.
1128 2581 1321 2621 REISK.
1384 2582 1517 2621 Immo
1540 2584 1810 2634 ἐψηφίσασθε.

307 2638 561 2679 SOHAEF.

364 2695 461 2744 ἅπερ
488 2696 529 2732 ἐκ
557 2694 648 2745 τῶν]
688 2694 784 2743 ἅπερ
814 2694 922 2731 λύσω
954 2692 1122 2732 Aldina.
1184 2693 1265 2732 Sed
1298 2693 1365 2733 hic
1396 2693 1514 2733 video
1549 2693 1735 2732 ordinem
1767 2694 1809 2733 in

307 2749 463 2789 Aldina
499 2749 669 2788 mirifice
699 2749 1008 2787 conturbatum.
1071 2748 1231 2788 Ponam
1266 2748 1347 2796 hic,
1377 2754 1424 2788 ut
1454 2749 1689 2802 fragment-a
1721 2762 1810 2789 sese

307 2807 347 2845 in
378 2805 457 2844 ista
479 2804 660 2843 editione
683 2808 1001 2857 consequantur.
1064 2803 1133 2842 Ab
1155 2808 1403 2855 ψηφιεῖσθαι,
1426 2805 1522 2854 ἅπερ
1543 2806 1650 2843 λύσω
1672 2805 1811 2844 omnia

309 2862 460 2900 desunt
490 2860 531 2898 in
554 2860 711 2899 Aldina
740 2874 870 2912 usque
900 2860 953 2898 ad
974 2874 1013 2912 p.
1033 2872 1152 2912 1449,
1174 2871 1213 2912 5.
1236 2859 1384 2899 οὐδένα.
1444 2859 1549 2899 Inde
1579 2860 1810 2913 procedunt

310 2916 447 2955 omnia
477 2930 528 2954 ex
559 2915 702 2954 ordine
735 2929 864 2968 usque
894 2915 948 2954 ad
975 2929 1016 2967 p.
1037 2917 1156 2967 1456,
1178 2928 1216 2966 5.
1241 2916 1284 2954 οὐ
1305 2916 1391 2965 μὴν.
1454 2915 1704 2955 Extremum
1732 2916 1809 2955 hoc
