1935 3200
272 86 374 123 1494

315 190 417 229 atque
435 184 605 227 ingenuae
621 183 841 222 conditionis,
860 183 895 215 in
912 194 990 226 gra-

316 231 399 263 tiam
420 229 613 303 Timothei
659 229 795 262 civitate
842 228 991 261 donatus

273 321 500 372 Polystratus,
524 320 709 363 imperator
726 319 992 352 Atheniensium

316 367 352 399 in
380 366 470 398 bello
498 364 721 398 Corinthiaco
744 365 800 406 46,
821 376 876 398 20.
910 365 991 397 item

317 424 350 455 p.
369 412 448 452 482,
469 412 521 443 26.
552 410 613 443 ubi
638 410 695 450 ait,
722 422 802 443 eum
828 422 868 443 ex
898 410 991 453 Iphi-

317 457 418 490 cratis
443 455 742 489 commendatione
765 455 902 499 publice
918 457 992 488 lau-

318 502 438 535 datum
456 508 488 535 et
506 501 665 545 praemiis
683 508 844 534 ornatum
862 512 947 534 esse.

272 548 464 592 Polyzelus,
484 547 542 592 qui
562 546 750 591 pro'edrum
773 546 895 580 cecidit
913 555 992 590 525,

322 604 339 626 2
369 619 375 626 .

273 603 465 683 Polyizelus,
484 637 639 676 Archon,
659 648 727 681 quo
748 637 914 681 fungente
935 644 994 671 aut

319 685 477 728 protinus
504 683 547 716 ab
575 683 705 716 honore
733 683 896 716 defuncto
924 683 993 716 De-

320 729 520 763 mosthenes
546 730 689 762 tutelam
719 740 819 762 suam
845 729 995 772 suscepit

319 775 538 819 pubertatem
556 775 733 818 ingressus
751 780 784 807 et
801 780 933 807 tutores
951 774 994 807 ad

318 820 531 854 reddendam
549 821 675 853 tutelae
695 826 811 864 gestae
828 820 995 853 rationem

320 866 456 900 vocavit
474 865 553 905 868,
576 876 605 898 1.

274 913 409 946 Pontus
427 917 558 955 partem
576 911 678 954 longe
695 910 880 943 maximam
899 921 995 953 prae-

319 957 422 991 bebat
441 957 514 1001 ejus
532 956 708 995 frumenti,
727 955 820 999 quod
840 955 996 988 Athenas

319 1002 475 1046 undique
501 1001 769 1035 convectabatur
796 1001 875 1042 466,
899 1012 952 1042 24.
979 1013 996 1034 e

321 1048 446 1088 Ponto,
465 1059 493 1080 e.
512 1059 541 1080 c.
561 1059 578 1080 e
599 1046 752 1086 Tenedo,
779 1058 837 1079 sex
862 1046 996 1080 dierum

323 1094 433 1137 spatio
458 1092 610 1126 secunda
635 1092 853 1135 navigatione
878 1103 996 1135 perve—

320 1139 385 1172 niri
410 1144 543 1182 poterat
560 1137 715 1171 Athenas
738 1146 837 1180 1225,
855 1148 887 1180 3.

276 1184 434 1228 Πορθμὸς
463 1196 525 1217 8011
550 1183 729 1226 Traiectus
763 1182 998 1226 appellabatur

322 1231 377 1263 1110
401 1236 532 1262 tractus
550 1228 723 1268 Euboeae,
741 1228 802 1261 ubi
825 1239 865 1261 ex
884 1228 998 1261 Attica

323 1276 376 1309 vel
410 1274 553 1308 Boeotia
590 1274 749 1317 opposita
781 1273 998 1324 appellebant

321 1321 527 1365 trajicientes
549 1326 582 1353 et
604 1320 665 1353 ubi
688 1320 751 1352 sita
773 1326 845 1352 erat
866 1319 999 1352 Eretria

328 1378 401 1411 119,
422 1377 476 1399 21.
500 1374 576 1407 125,
596 1369 650 1398 26.
674 1376 748 1408 133,
769 1376 823 1397 21.
849 1366 997 1408 248,15.

278 1414 391 1455 Πόρος
408 1423 481 1445 0880
499 1411 641 1444 demum
656 1410 824 1448 Atticum,
843 1410 1000 1454 perhibet

326 1458 497 1501 Harpocr.
525 1469 566 1489 ex
595 1462 680 1489 orat.
708 1456 744 1489 in
775 1455 998 1493 Eubulidem‚

324 1503 384 1536 ubi
403 1514 495 1536 nunc
514 1514 584 1535 non
602 1502 739 1546 legitur.

279 1548 488 1592 Posidippus
507 1548 543 1581 in
563 1548 693 1580 triremi
710 1547 915 1591 Apollodori
935 1559 999 1591 gu-

325 1595 488 1627 bernator
508 1604 607 1632 1222,
626 1604 678 1626 10.

279 1640 442 1674 Potidaea
470 1651 489 1672 a
515 1639 675 1682 Philippo
702 1638 843 1671 obsessa
873 1649 923 1677 11,
947 1647 999 1682 17.

326 1685 525 1718 Potidaeam
540 1684 721 1728 Philippus
739 1695 758 1716 a
776 1695 811 1717 se
828 1691 1001 1727 receptam

326 1730 514 1775 Olynthiis,
542 1731 635 1763 velut
659 1729 853 1762 mercedem
879 1741 1001 1772 operae

326 1777 391 1809 sibi
419 1781 572 1815 navatae,
603 1775 875 1808 Atheniensibus
906 1787 1001 1818 erep-

325 1828 396 1855 tam
423 1821 562 1854 donavit
589 1830 619 1864 7,
639 1831 690 1860 10,
708 1832 760 1865 19,
779 1821 841 1854 ult.
869 1830 920 1864 70.
940 1822 1000 1853 ult.

326 1867 406 1910 656,
430 1877 481 1900 10.
516 1872 615 1910 capta
647 1866 711 1899 fuit
744 1872 822 1910 post
856 1866 1002 1909 Amphi-

326 1912 420 1956 polin
444 1912 523 1956 659,
541 1921 573 1955 5.
600 1923 669 1956 quo
694 1917 848 1955 tempore
876 1911 1002 1955 Philip-

326 1969 392 2001 pus
412 1957 611 1991 Potidaeam
628 1957 794 2001 capiebat,
812 1957 1002 1990 Athenien-

327 2004 417 2036 sium
440 2009 511 2036 erat
534 2002 728 2036 foederatus
755 2008 787 2036 et
812 2003 1002 2036 Athenien-

327 2049 424 2082 sibus
444 2048 624 2082 Potidaeae
640 2048 878 2082 habitantibus
899 2060 1002 2092 pecu-

327 2094 402 2126 liari
431 2094 581 2127 formula
607 2095 812 2127 sacramenti
839 2094 1002 2127 securita-

327 2144 396 2171 tem
414 2139 646 2182 spoponderat
666 2148 719 2183 79,
739 2139 772 2172 6.

283 2185 468 2223 Praxicles,
486 2184 694 2217 trierarchus
716 2195 815 2228 1219,
834 2195 885 2227 19.

284 2229 422 2262 Procles
449 2230 527 2273 980,
548 2240 602 2262 20.
628 2230 689 2262 ubi
710 2230 904 2263 Nicobulus
928 2244 1002 2272 μια-

327 2276 387 2319 ρὸν
421 2275 474 2307 καὶ
505 2275 692 2317 ἀκάθαρτον
724 2274 872 2308 eundem
901 2280 1004 2319 atque

328 2320 434 2363 μέγαν
458 2321 617 2363 appellat,
644 2319 704 2352 sed
729 2320 794 2353 hoc
824 2320 1002 2353 deridiculi

332 2377 362 2398 01
397 2376 428 2398 0.

288 2377 431 2449 Procgne,
451 2409 638 2443 Pandionis
657 2410 724 2443 filia
746 2418 844 2454 1397,
863 2422 941 2461 pen.

286 2456 519 2495 Proconnesii,
550 2455 816 2488 Atheniensium
846 2456 939 2495 socii,
968 2467 1004 2488 o—

333 2513 412 2545 pem
453 2512 573 2534 eorum
613 2501 799 2544 implorant
840 2501 1005 2534 adversus

334 2547 535 2591 Cyzicenos,
569 2558 588 2579 a
622 2546 749 2591 quibus
781 2547 872 2580 bello
905 2558 1005 2580 vexa-

333 2592 461 2625 bantur
482 2601 579 2636 1207,
599 2603 654 2625 21.

287 2637 542 2676 Proconnesus,
556 2638 669 2670 insula
680 2637 769 2680 juris
787 2637 902 2677 Attici,
915 2637 1006 2681 apud

336 2683 604 2726 Hellespontum
626 2683 705 2726 326,
724 2692 775 2724 15.

289 2728 503 2762 Promachus
520 2733 665 2761 testatur
684 2728 816 2761 Boeoto
837 2737 935 2772 1017,
955 2739 983 2760 1.

291 2774 470 2817 Prospalta
508 2779 579 2806 erat
617 2774 739 2807 demus
776 2773 886 2807 tribus
920 2774 1008 2807 Aca-

338 2818 499 2852 mantidis
522 2828 619 2862 1071,
640 2829 693 2863 25.

292 2864 543 2898 Protomachus
565 2875 623 2908 131
635 2876 662 2903 1,
680 2876 712 2908 9.

762 84 929 120 INDEX
961 83 1278 120 HISTORICUS

1048 182 1186 221 Promis,
1205 182 1260 215 cui
1282 182 1323 215 118
1349 193 1429 215 011111
1453 181 1700 215 Zenothemide
1725 181 1768 215 de

1092 227 1266 260 frumento
1281 227 1398 260 Siculo
1414 228 1608 260 intercessit
1621 227 1699 267 886,
1714 238 1765 261 10.

1048 272 1239 312 Proxenus,
1258 272 1348 306 filius
1367 273 1519 306 Neaerae
1536 274 1642 317 vulgo
1663 284 1766 317 quae-

1093 319 1180 352 situs
1204 319 1302 362 1358,
1321 331 1353 359 4.

1049 363 1239 403 Proxenus,
1274 365 1459 407 imperator
1488 363 1766 403 Atheniensium,

1094 409 1227 442 aditum
1252 409 1401 453 Philippi
1422 409 1465 442 ad
1469 409 1585 488 8Pylas
1608 409 1768 442 observat

1095 454 1174 498 356,
1193 466 1271 498 pen.
1290 454 1370 498 364,
1388 464 1420 498 5.
1446 455 1512 498 389
1516 464 1595 499 ,17.
1615 460 1647 487 et
1666 454 1720 487 26.

1049 500 1198 539 Pteleus,
1213 500 1381 546 oppidum
1396 499 1698 540 Cherrhonesi86,
1715 500 1766 533 16.

1050 545 1275 585 Ptoeodorus,
1292 546 1518 590 Megarensis,
1532 545 1681 589 Philippi
1695 551 1767 578 stu-

1095 591 1215 624 diosus
1249 602 1328 635 324,
1358 603 1409 633 14.
1452 603 1587 635 genere,
1628 590 1768 629 divitiis,

1096 637 1247 680 potentia
1290 637 1449 680 princeps
1496 637 1768 680 Megarensium,

1098 682 1270 715 Perilaum
1306 682 1535 733 Philippismi,
1569 688 1770 715 accusatum

1096 728 1244 771 protexit
1262 733 1295 760 et
1313 728 1461 760 servavit
1477 727 1557 771 436,
1577 739 1609 761 2.

1051 774 1101 818 Py
1094 773 1183 813 dna,
1202 773 1371 824 oppidum
1390 773 1615 806 Macedoniae
1637 784 1688 813 11,
1705 782 1757 817 17.

1052 819 1209 864 Pylades,
1228 820 1392 862 trapezita
1409 818 1487 858 816,
1506 830 1584 862 pen.

1052 865 1155 916 Pylae
1179 866 1233 897 xel
1257 865 1520 908 Thermopylae
1572 864 1771 908 Philippum

1097 910 1239 943 victoria
1264 910 1306 943 de
1333 909 1571 943 Phocensibus
1594 916 1691 953 parta
1716 916 1771 943 tu-

1098 955 1233 989 midum
1270 955 1500 988 Athenienses
1535 955 1626 1000 Pylis
1668 967 1770 989 occu-

1098 1001 1221 1045 pandis
1244 1001 1340 1034 aditu
1359 1001 1520 1034 Graeciae
1543 1001 1772 1034 excludebant

1099 1059 1155 1088 44,
1183 1057 1237 1088 24
1273 1047 1426 1098 236,15.
1459 1047 1539 1091 367,
1566 1057 1620 1079 21.
1671 1047 1772 1090 Pylas

1098 1093 1318 1125 mercenariis
1337 1093 1409 1125 suis
1423 1092 1571 1125 insessas
1585 1098 1677 1125 tenet
1690 1092 1772 1126 Phi-

1099 1138 1214 1188 lippus
1244 1149 1392 1181 119,14.
1436 1137 1556 1171 Graeci
1589 1143 1685 1171 erant
1718 1138 1773 1170 alii

1100 1183 1199 1222 intra,
1230 1183 1285 1216 alii
1317 1189 1412 1216 extra
1445 1183 1546 1228 Pylas
1579 1183 1774 1216 habitantes

1102 1237 1180 1272 327,
1200 1228 1232 1261 6.

1054 1273 1197 1318 Pylaeae
1239 1274 1297 1318 jus
1348 1274 1550 1307 restituebat
1593 1274 1773 1318 Philippus

1099 1319 1274 1352 Thessalis
1305 1331 1343 1352 ea
1371 1320 1407 1352 in
1438 1319 1571 1364 Pylaea,
1601 1331 1670 1364 qua
1702 1320 1775 1363 ipse

1098 1365 1174 1409 jure
1203 1376 1387 1398 consessus
1416 1365 1451 1398 in
1485 1371 1659 1398 conventu
1688 1366 1774 1398 Am-

1101 1410 1321 1454 phictyonico
1351 1410 1500 1444 donatus
1530 1417 1562 1444 et
1595 1411 1630 1443 in
1658 1411 1775 1443 locum

1103 1456 1347 1495 Phocensium,
1365 1461 1485 1500 utpote
1510 1462 1774 1500 expunctorum,

1101 1501 1279 1534 immissus
1311 1501 1422 1534 fuerat
1452 1510 1506 1545 71,
1529 1513 1580 1546 13.
1615 1502 1706 1535 conf.
1740 1514 1774 1545 p.

1103 1546 1159 1586 62,
1177 1548 1241 1580 ult.

1057 1592 1223 1636 Pyrrhus,
1240 1592 1485 1632 Eteobutades,
1504 1599 1614 1626 morte
1630 1594 1776 1626 mulcta-

1102 1644 1159 1671 tus
1186 1644 1248 1677 est,
1277 1638 1383 1682 quod,
1410 1639 1560 1671 aerarius
1587 1639 1646 1683 qui
1675 1644 1775 1678 esset,

1102 1690 1218 1717 tamen
1230 1684 1420 1728 judicasset
1437 1692 1515 1727 573,
1534 1696 1567 1728 9.

1058 1729 1218 1773 Pytheas,
1252 1729 1358 1762 homo
1390 1735 1568 1768 veterator,
1603 1730 1776 1774 populari-

1104 1775 1183 1808 tatis
1202 1775 1381 1807 simulator
1402 1776 1500 1816 1481,
1519 1786 1571 1818 13.

1058 1820 1193 1864 Pythia,
1220 1820 1333 1859 ludos,
1359 1820 1538 1864 Philippus
1564 1832 1624 1864 per
1649 1821 1777 1853 amicos

1103 1866 1184 1899 111110
1218 1865 1392 1910 delegatos
1425 1865 1687 1899 administrabat
1721 1865 1776 1904 62,

1106 1922 1160 1953 24.
1180 1911 1236 1955 63,
1254 1912 1317 1944 ult.
1340 1923 1417 1956 119,
1437 1922 1488 1945 12.

1060 1957 1184 2001 Pytho,
1212 1957 1412 2001 Byzantius,
1438 1963 1553 1990 orator
1582 1963 1715 1999 potens,
1742 1957 1778 1990 in

1104 2002 1225 2046 legatis
1262 2002 1411 2046 Philippi
1452 2003 1496 2036 ad
1535 2003 1776 2041 Athenienses,

1104 2060 1184 2081 cum
1202 2048 1295 2091 pacis
1313 2048 1528 2081 conditiones
1547 2048 1779 2081 scriberentur

1106 2105 1174 2133 eae,
1192 2094 1228 2126 in
1245 2105 1330 2138 quas
1350 2093 1550 2137 Philippum
1571 2093 1778 2127 Demosthe-

1104 2150 1165 2172 nes
1194 2145 1227 2172 et
1255 2139 1446 2172 Aeschines
1476 2151 1556 2172 curn
1585 2139 1658 2172 aliis
1683 2139 1777 2182 jure-

1101 2183 1252 2228 jurando
1278 2184 1468 2228 adegerunt
1493 2186 1549 2223 81,
1570 2195 1624 2225 24.
1651 2185 1777 2228 82,17.

1104 2229 1165 2262 ubi
1194 2235 1324 2273 quanto
1351 2229 1519 2273 Pythonis
1549 2230 1778 2273 eloquentiam

1105 2275 1216 2325 magis
1237 2274 1409 2318 praedicat
1429 2275 1694 2313 Demosthenes,
1714 2274 1779 2307 hoc

1105 2320 1179 2363 ipse
1197 2331 1296 2352 suam
1313 2320 1415 2353 altius
1433 2320 1541 2359 effert,
1559 2331 1579 2353 a
1596 2331 1664 2364 qua
1680 2320 1779 2353 illum

1106 2365 1212 2398 fuisse
1230 2376 1426 2408 repressum
1444 2366 1611 2409 gloriatur
1630 2374 1707 2408 272,
1726 2376 1777 2408 19.

1107 2409 1197 2443 idem
1231 2411 1266 2443 in
1303 2411 1360 2443 illa
1400 2411 1619 2444 celeberrima
1650 2411 1779 2444 Thebis

1106 2455 1224 2489 habita
1256 2456 1420 2489 concione
1453 2457 1613 2496 exsultat,
1644 2468 1711 2501 qua
1744 2467 1779 2489 se

1107 2501 1153 2534 ait
1176 2512 1291 2535 coram
1312 2502 1491 2535 universae
1510 2502 1671 2535 Graeciae
1687 2503 1779 2545 lega-

1108 2547 1151 2580 tis
1172 2547 1423 2581 intolerabilem
1441 2547 1609 2592 Pythonis
1629 2547 1779 2581 insolen-

1109 2592 1191 2625 tiam
1224 2593 1393 2626 retudisse
1425 2601 1527 2638 atque
1561 2593 1675 2626 studia
1706 2593 1779 2637 ejus

1109 2639 1252 2672 elusisse
1273 2639 1371 2683 1469,
1389 2639 1441 2672 18.

1066 2683 1189 2734 Pytho,
1208 2685 1306 2717 Aeno
1328 2684 1509 2723 oriundus,
1533 2695 1613 2717 cum
1635 2684 1692 2717 illo
1711 2683 1780 2728 By-

1112 2729 1210 2768 zatio,
1239 2730 1273 2762 ni
1301 2730 1411 2769 fallor,
1444 2710 1547 2769 idein,
1575 2729 1701 2774 Cotyn,
1728 2741 1780 2762 re—

1111 2786 1189 2817 gem
1229 2775 1405 2814 Thraciae,
1441 2786 1550 2820 quum
1591 2775 1780 2809 Athenien-

1111 2820 1207 2853 sibus
1237 2821 1350 2864 gravis
1378 2832 1452 2854 esse
1477 2821 1655 2863 coepisset,
1683 2821 1780 2864 adju-

1111 2872 1212 2898 iante
1247 2866 1350 2899 fratre
1385 2866 1577 2906 Heiaclide,
1611 2867 1780 2910 peremit,
