1935 3200
259 144 371 183 1308
612 137 935 180 ADVERSUS
968 137 1415 179 NIGOSTRATUM.

323 256 442 300 1251,
465 257 527 285 12.
563 244 612 283 In
633 247 774 284 annot.
799 243 892 283 crit.
915 258 954 282 n.
978 246 1075 296 post
1097 243 1311 291 ἑξακοσίων
1332 240 1486 282 excidit
1509 242 1581 281 καί.

328 313 448 356 1251,
469 314 531 354 13·
557 301 763 353 κλητῆρας]
798 300 904 339 Post
924 299 964 338 h.
982 314 1018 338 v.
1037 299 1180 338 deesse
1195 297 1360 337 videtur
1375 301 1546 349 ψευδεῖς.
1579 296 1774 338 REISK.

264 359 359 399 Non
393 358 523 397 deest.
587 356 653 396 Sic
689 370 816 409 supra
836 370 872 395 v.
905 365 944 409 5.
978 353 1219 407 simpliciter
1254 353 1772 406 κλητῆρα-ἐπιγράφεταιῑ

265 414 376 468 quod
397 413 497 453 item
518 412 831 465 intelligendum
852 412 903 451 de
924 411 1220 462 ψευδοκλητείᾳ.
1263 409 1512 449 SOHAEF.

327 479 449 523 1251,
470 469 533 508 18.
569 468 748 518 ἐβάδιζον
780 467 842 507 ἐπὶ
873 467 941 506 τὸν
973 467 1265 516 κλητῆρα-τῆς
1285 465 1604 519 ψευδοκλητείας]
1638 464 1705 505 Sic
1734 479 1761 518 p

270 539 390 574 1201,
415 536 453 578 5.
475 524 648 574 μὴ--ἐπὶ
669 524 782 563 τόνδε
803 527 878 562 τῶν
900 525 1160 574 κακοτεχνιῶν
1183 521 1345 570 ἔλθοιμι.
1380 521 1574 560 WOLF.

323 581 392 620 τὸν
414 580 702 632 ὁμολογοῦντα]
738 579 921 619 Videtur
956 578 1064 618 enim
1097 577 1204 617 alter
1237 576 1567 629 subscriptorum
1597 577 1666 626 τὴν
1688 579 1778 626 κλῆ-

267 654 331 677 σιν
352 636 558 676 infitiatus
583 650 671 675 esse
700 649 771 674 seu
801 649 974 689 negasse
1002 633 1196 681 adfuisse,
1220 647 1311 672 cum
1334 632 1586 672 Arethusius
1607 632 1777 685 Apollo-

267 694 415 732 dorum
436 692 477 731 in
494 693 562 746 jus
583 695 763 739 vocaret,
787 691 829 730 id
851 691 961 744 quod
982 690 1140 730 factum
1162 703 1250 728 esse
1272 688 1553 742 Apollodorus
1581 689 1776 742 negabat.

268 748 466 788 REISK.

328 813 452 858 1251,
475 816 540 844 20.
563 802 917 856 τὸνἈρεθούσιον]
953 802 1159 843 Additum
1187 803 1413 853 ἐξηγητικῶς
1432 801 1486 840 ad
1506 801 1575 840 τὸν
1597 803 1777 852 κλητῆρα,

269 860 338 914 qui
360 860 439 899 fuit
461 859 726 907 Arethusius,
749 864 797 899 ut
813 875 848 899 v.
871 869 909 913 5.
934 859 1090 899 dietum
1111 863 1187 898 est.
1231 857 1489 897 SCHAEF.

327 919 391 965 τῆς
422 916 745 969 ψευδοκλητείας]
780 915 966 955 Subaudi
1002 916 1127 955 ἕνεκα.
1175 928 1363 953 accusans
1403 927 1487 952 eum
1517 912 1656 965 falsae
1692 911 1779 952 sub-

268 972 497 1025 scriptionis
531 972 641 1024 ee'qew
670 978 880 1025 propterea
916 971 1025 1011 litem
1059 969 1314 1009 ‹lenum-ians.
1375 969 1482 1008 Erat
1511 973 1653 1008 autem
1683 973 1779 1020 ψευ-

271 1029 485 1077 δοκλητεία,
516 1042 610 1067 cum
642 1027 733 1080 quis
764 1027 900 1067 libello
931 1025 1206 1066 accusationis
1238 1039 1357 1064 suum
1389 1038 1538 1064 nomen
1569 1024 1778 1077 subscrip-

270 1084 392 1123 sisset
418 1084 709 1137 professusque
739 1088 863 1130 esset,
884 1097 1014 1129 reum,
1036 1082 1105 1135 qui
1136 1082 1176 1120 in
1204 1081 1271 1134 jus
1294 1086 1465 1120 vocatus
1496 1094 1578 1119 non
1609 1084 1733 1128 esset,
1754 1095 1781 1120 a,

271 1153 314 1179 se
342 1154 425 1179 una
453 1154 546 1178 cum
576 1144 717 1179 actore
737 1144 929 1178 vocatum
951 1139 1092 1177 fuisse.
1156 1138 1247 1187 Quo
1268 1137 1394 1176 fiebat
1417 1141 1465 1176 ut
1485 1150 1591 1184 reus,
1614 1150 1707 1175 cum
1738 1135 1779 1175 in

266 1195 424 1249 judicio
460 1210 543 1234 non
580 1200 840 1248 compareret
872 1195 925 1234 ad
962 1194 1071 1233 (110111
1104 1194 1273 1240 dictam,
1312 1192 1461 1246 quippe
1499 1192 1568 1246 qui
1603 1192 1782 1232 nesciret

272 1251 381 1290 diem
431 1251 509 1290 sibi
549 1250 705 1290 dictam
746 1251 881 1292 fuisse.
926 1249 1213 1289 contumaciae
1254 1248 1537 1288 damnaretur.
1584 1247 1779 1288 REISK.

271 1307 380 1347 Cave
402 1307 625 1346 subaudias
648 1307 771 1346 ἕνεκα.
818 1306 1068 1346 SOHAEF.

336 1362 665 1415 ψευδοκλητείας]
697 1364 983 1413 ψευδοκλητίας
1005 1362 1057 1401 A.
1080 1376 1110 1400 r.
1134 1360 1201 1400 hic
1223 1365 1265 1401 ct
1286 1375 1323 1413 p.
1347 1370 1464 1413 1252,
1489 1360 1527 1399 6.
1590 1359 1782 1399 Eandem

271 1419 448 1458 formam
479 1419 582 1458 dant
612 1418 770 1457 Anecd.
796 1418 927 1457 Bekk.
949 1433 987 1471 p.
1012 1430 1102 1470 ¹94>
1128 1429 1193 1456 21.
1255 1416 1371 1467 Quae
1403 1416 1514 1470 quod
1548 1415 1706 1455 habent
1741 1430 1781 1468 p.

271 1486 369 1528 317.
403 1475 443 1514 in
474 1475 757 1526 ψευδοκλησία,
794 1474 871 1513 etsi
909 1473 950 1512 in
988 1472 1325 1526 Harpocratione
1359 1486 1521 1525 quoque
1556 1475 1781 1524 repertum,

273 1531 409 1570 minus
432 1530 560 1570 etiam
590 1530 756 1584 probari
778 1533 931 1583 potest.
979 1529 1033 1568 V.
1056 1528 1255 1568 Lobeokii
1277 1530 1461 1582 Pal-erga
1482 1528 1537 1568 ad
1559 1527 1783 1581 Phrynich.

272 1601 314 1639 p.
332 1598 427 1640 507.
471 1586 722 1627 SGHAEF.

336 1655 456 1696 1251,
477 1655 541 1682 21.
567 1643 710 1695 ἐλθὼν]
749 1642 918 1682 Scilicet
940 1641 1205 1681 Arethusius.
1243 1640 1440 1679 REISK.

345 1701 398 1740 εἷς
432 1699 476 1737 τὸ
512 1697 675 1751 χωρίον]
717 1700 772 1738 In
808 1698 1033 1750 praalum,
1075 1711 1212 1736 meum
1252 1700 1368 1749 puta.
1420 1696 1473 1735 V.
1507 1710 1549 1749 p.
1573 1705 1692 1746 1247,
1720 1695 1782 1733 16.

276 1754 475 1794 REISK.

346 1811 579 1862 ἀκροδρύων]
622 1810 810 1860 ἀκρόδρυα
844 1814 888 1849 et
923 1810 1083 1849 fructus
1119 1814 1162 1849 et
1197 1809 1367 1849 arbores
1403 1806 1622 1861 frugiferas
1657 1805 1784 1845 inter-

275 1870 510 1920 pretantur,
538 1865 622 1904 sive
658 1880 793 1913 nuces,
827 1865 910 1905 sive
946 1865 1179 1919 pomiferas.
1228 1864 1325 1903 Vox
1360 1864 1450 1917 ipsa
1486 1862 1692 1916 significat
1722 1861 1784 1901 vel

277 1922 493 1962 cacumina
515 1935 739 1974 quercuum
761 1922 822 1961 vel
849 1921 1157 1961 excellentiam:
1193 1925 1240 1960 ut
1268 1921 1456 1971 ἀκρόδρυα
1486 1919 1569 1959 sint
1599 1919 1783 1965 arbores,

278 1993 384 2031 quae
420 1978 664 2030 quercubus
700 1978 809 2017 unde
849 1978 946 2017 olim
981 1977 1245 2022 victitabant,
1281 1975 1550 2016 antecellunt.
1594 1973 1784 2013 WOLF.

280 2034 333 2073 V.
358 2033 562 2073 Niclasius
583 2034 637 2072 ad
660 2034 846 2086 Geopon.
869 2049 907 2087 p.
932 2044 1025 2085 752.
1076 2032 1329 2073 SCHAEF.

339 2100 461 2143 1251,
486 2102 550 2130 22.
583 2090 792 2142 γενναίων]
828 2091 1020 2140 γενναίων
1039 2089 1092 2129 A.
1118 2104 1151 2129 r.
1215 2088 1431 2128 Genitivus
1465 2087 1599 2140 magis
1632 2086 1784 2140 placet.

281 2145 334 2184 V.
357 2150 441 2184 not.
466 2159 578 2197 sequ.
623 2145 875 2184 SCHAEF.

339 2200 634 2250 ἐμβεβλημένα]
673 2201 830 2239 Utrum
865 2201 1184 2251 ἐμπεφυτευμένα
1213 2201 1263 2253 τῷ
1296 2201 1399 2253 ἀγρῷ
1427 2199 1449 2248 ἢ
1477 2202 1554 2239 τοῖς
1586 2197 1783 2248 δένδροις;

281 2260 329 2296 ut
361 2270 443 2294 11011
477 2256 532 2294 sit
564 2255 751 2303 consitio.
781 2257 853 2295 sed
884 2256 1035 2303 insitio,
1063 2271 1155 2308 qua,
1182 2259 1229 2295 ut
1255 2256 1360 2295 Cato
1386 2254 1677 2295 Ciceronianus
1712 2252 1785 2301 ait,

282 2311 383 2351 nihil
423 2311 579 2349 invenit
619 2325 687 2350 ars
727 2311 1002 2364 agricolarum
1043 2311 1246 2350 solertius.
1281 2310 1475 2349 WOLF.
1542 2309 1657 2349 Citat
1686 2308 1726 2347 h.
1758 2307 1786 2348 1.

281 2366 598 2420 Harpocration
620 2366 978 2416 ν.Ἐμβεβλημε’να
1008 2371 1051 2406 et
1080 2366 1327 2406 Eustathius
1357 2366 1411 2405 ad
1441 2364 1615 2404 Homeri
1639 2364 1787 2417 Odyss.

284 2441 318 2463 a.
343 2438 384 2476 p.
406 2436 482 2471 140
485 2434 524 2475 5.
559 2421 751 2461 REISK.
812 2422 876 2461 De
899 2422 1124 2461 Eustathio
1146 2422 1311 2461 fallitur.
1361 2421 1542 2460 Wolfius
1571 2425 1713 2460 autem
1740 2423 1788 2459 ut

284 2478 509 2525 dubitaret,
538 2478 731 2517 videntur
766 2477 867 2517 talia
900 2477 1059 2525 fecisse,
1093 2478 1213 2530 quale
1247 2478 1359 2531 legas
1391 2478 1577 2530 Geopon.
1600 2490 1660 2524 10,
1684 2489 1719 2521 1,
1748 2488 1785 2516 2.

283 2550 323 2589 p.
347 2537 440 2588 635.
466 2533 569 2573 Nicl.
603 2536 698 2573 κατὰ
730 2533 845 2584 γένος
880 2533 1173 2585 κεχωρισμένως
1204 2534 1348 2573 ἕκαστα
1375 2538 1451 2573 τῶν
1481 2537 1613 2583 φυτῶν
1641 2534 1789 2582 ἐμβαλ-

284 2591 430 2636 λέσθω,
458 2590 498 2629 11.
526 2604 559 2628 e.
590 2589 827 2641 φυτευέσθω,
860 2589 970 2641 quod
1005 2590 1128 2628 modo
1163 2589 1401 2629 antecessit.
1464 2589 1555 2639 Qua
1586 2587 1789 2642 significa—

284 2647 397 2686 tione
436 2645 563 2685 etiam
603 2644 760 2685 classici
801 2645 1024 2698 scriptores
1059 2650 1316 2698 usurparunt
1350 2645 1521 2685 verbum
1557 2643 1786 2694 ἐμβάλλειν.

286 2702 340 2742 V.
364 2701 606 2754 Xenophon
628 2701 848 2741 Oeconom.
869 2714 930 2753 19,
956 2712 990 2739 2.
1053 2701 1115 2740 Τ11
1138 2715 1233 2740 vero
1264 2716 1315 2740 ne
1341 2700 1506 2741 dubites
1537 2699 1653 2752 sequi
1676 2699 1788 2738 Har-

284 2757 538 2811 pocrationis
571 2756 970 2809 interpretationem.
1017 2756 1223 2796 inoculirte
1248 2758 1403 2797 Biiume
1434 2770 1507 2795 von
1540 2756 1648 2796 edeln
1682 2753 1788 2795 Obst-

284 2821 424 2854 sorten.
458 2813 707 2854 SOHAEF.
768 2812 944 2866 Anglice
961 2812 1124 2865 91·αήεῶ
1143 2819 1237 2852 trees
1259 2814 1308 2867 οἵ
1305 2812 1396 2868 fine
1404 2812 1530 2865 fruit.

347 2883 395 2910 12
400 2879 467 2923 51,
487 2881 552 2922 23.
575 2869 849 2921 περιστοίχων]
885 2868 1000 2909 Citat
1021 2868 1060 2907 h.
1083 2868 1109 2907 1.
1133 2869 1444 2922 Harpocration
1460 2883 1497 2907 v.
1520 2867 1785 2918 Περίστοιχοι.

288 2925 413 2966 Oleae
443 2926 696 2978 περίστοιχοι,
720 2924 831 2965 circa
852 2938 956 2978 quas
977 2928 1087 2965 esset
1107 2925 1256 2965 duetus
1278 2929 1445 2978 στοῖχος,
1468 2924 1530 2965 vel
1550 2935 1705 2971 murus⁷
1724 2920 1787 2962 vel
