1935 3200
279 137 391 179 1298
672 131 994 173 ADVERSUS
1028 131 1401 171 CALLIPPUM.

280 241 452 292 πέρυσί
474 256 539 290 μοι
570 240 706 290 λαχὼν
736 238 806 287 τὴν
834 238 942 286 δίκην
963 238 1118 287 ταυτηνὶ
1146 236 1206 275 καὶ
1227 236 1571 287 προκαλεσάμενος
1601 235 1650 288 τῷ
1675 239 1792 275 Λυσι-

282 299 388 347 θείδῃ
421 295 638 346 ἐπιτρέψαι,
664 295 740 346 ἐγὼ
762 295 834 343 μὲν
861 296 996 343 καίπερ
1026 292 1419 343 καταπεφρονημέυος
1449 291 1510 331 ὑπ’
1534 292 1650 331 αὐτοῦ
1684 293 1794 331 τοῦτό

281 370 328 405 γε
358 355 480 404 ὀρθῶς
506 350 818 400 ἐβουλευσάμην·
843 367 874 389 κ.
892 367 924 389 τ.
944 351 974 389 ἑ.
1037 349 1065 388 J
1070 363 1139 388 am
1160 363 1256 388 vero
1284 363 1409 401 quum
1430 348 1495 387 hic
1518 347 1572 386 sit
1593 347 1793 387 terminus

282 409 394 449 ultra
415 422 536 462 quem
558 406 794 461 transgredi
818 420 899 445 non
920 405 1057 453 liceat,
1079 405 1291 444 videamus
1322 419 1429 444 nunc
1455 405 1506 443 de
1527 403 1674 451 altero,
1699 408 1794 457 post

283 480 404 520 quem
427 463 562 503 oratio
584 463 729 503 habita
751 477 839 502 esse
861 467 1053 515 nequeat.
1112 461 1191 512 Qui
1212 461 1472 514 aliquantum
1494 460 1648 500 certius
1671 475 1794 513 quam

283 521 397 575 prior
418 520 483 560 ille
505 535 554 560 ex
577 534 626 559 ea
648 524 787 572 potest
809 518 1013 572 cognosci.
1049 518 1154 557 Nam
1178 532 1303 570 quum
1326 516 1523 556 Phormio
1545 516 1795 556 testificetur

283 593 361 631 pro
380 577 635 630 Apollodoro
657 591 696 629 p.
719 589 836 624 ¹241.
858 574 1063 614 rationem
1085 579 1216 614 semet
1237 573 1372 627 ipsum
1395 588 1488 613 cum
1509 573 1679 626 Lycone
1701 573 1794 612 sub-

285 634 452 673 duxisse
473 638 516 673 et
544 633 584 671 in
616 631 827 672 mandatis
855 631 1129 684 accepissent
1152 630 1425 683 Cephisiadae
1456 629 1673 682 pecuniam
1704 629 1794 668 red-

284 691 418 738 deret,
439 689 705 729 manifestum
731 692 794 728 est
819 687 1086 727 concordiam
1117 701 1259 725 eorum
1291 686 1474 725 nondum
1499 685 1626 724 fuisse
1652 686 1794 725 turba-

285 752 389 794 tam,
411 746 521 800 quod
542 746 699 785 factum
721 749 786 784 est
809 744 969 797 Olymp.
997 754 1084 795 107,
1111 756 1147 783 2.
1211 743 1293 782 Sed
1320 741 1495 782 ulterius
1517 741 1644 781 etiam
1665 756 1796 781 remo-

286 803 442 842 vendus
464 802 628 842 videtur
648 802 714 840 hic
736 800 950 841 terminus.
1012 800 1128 850 Quae
1154 798 1262 838 enim
1289 799 1485 853 leguntur
1514 813 1553 851 p.
1574 811 1693 849 1240.
1718 800 1796 838 ἐπι-

286 863 508 910 τρέψαντος
540 860 580 898 δὲ
612 862 678 897 τοῦ
709 858 864 908 πατρὸς,
888 856 933 896 δι’
957 858 1029 906 μὲν
1060 857 1206 907 χρόνον
1229 856 1289 905 ἔζη
1316 857 1335 894 ὁ
1367 856 1503 905 πατὴρ,
1527 856 1637 904 ὅμως,
1662 856 1796 902 καίπερ

286 917 434 957 οἰκείως
465 916 567 967 ἔχων
593 915 752 959 τούτοις,
777 915 796 952 ὁ
822 913 1048 961 Λυσιθείδης
1079 913 1146 951 οὐκ
1179 913 1325 960 ἐτόλμα
1351 912 1463 950 οὐδὲν
1487 913 1540 952 εἰς
1570 912 1682 961 ἡμᾶς
1714 912 1795 959 ἐξα-

285 971 507 1022 μαρτάνειν.
549 975 591 1010 et
621 985 658 1023 p.
691 980 807 1023 1245.
830 970 949 1022 τούτῳ
971 970 1010 1008 δὲ
1034 969 1268 1017 ἐπιδείκνυμι
1299 969 1356 1006 ὅτι
1389 967 1487 1016 ἐξὸν,
1512 968 1617 1018 εἴπερ
1639 984 1673 1005 τι
1696 967 1796 1020 αὐτῷ

287 1031 458 1079 προσῆκε
489 1031 555 1066 τοῦ
578 1027 771 1077 ἀργυρίου,
797 1026 857 1064 ἐπὶ
885 1025 954 1064 τὸν
983 1024 1227 1074 Κηφισιάδην
1254 1024 1428 1072 βαδίζειν
1450 1025 1511 1062 καὶ
1539 1027 1657 1062 ταῦτα
1677 1025 1797 1072 μηδὲν

287 1084 402 1132 ἧττον
429 1086 476 1122 τὰ
497 1085 616 1122 πιστὰ
647 1081 732 1132 παρ’
756 1083 860 1131 ἡμῶν
881 1082 1071 1130 λαβόντα,
1101 1080 1167 1118 οὐκ
1200 1080 1365 1131 ἔρχεται,
1391 1081 1496 1120 εἰδὼς
1527 1080 1584 1117 ὅτι
1615 1079 1681 1118 οὐκ
1713 1079 1798 1118 ἔστι

287 1138 374 1189 παρ’
397 1140 487 1189 ἡμῖν
509 1139 550 1177 τὸ
573 1140 768 1189 ἀργύριον,
793 1152 841 1176 ea
866 1141 1101 1190 congruunt
1132 1136 1335 1174 bonorum
1367 1134 1669 1181 communitati,
1692 1149 1798 1187 quae

289 1200 379 1235 erat
403 1195 658 1248 Apollodoro
680 1208 773 1232 cum
800 1193 942 1237 fratre
967 1192 1097 1231 donec
1132 1191 1292 1231 Pasicle
1323 1192 1383 1230 sui
1410 1190 1516 1244 juris
1546 1192 1658 1230 facto
1686 1205 1797 1229 men-

287 1266 375 1291 sam
399 1265 562 1304 quoque
593 1255 636 1290 et
668 1255 877 1289 scutorum
911 1247 1116 1287 officinam
1148 1247 1351 1286 dividunt.
1415 1247 1535 1297 Quod
1557 1261 1683 1299 quum
1709 1260 1799 1286 eve-

288 1307 397 1347 nerit
419 1307 582 1360 Olymp.
615 1307 700 1352 106,
732 1318 861 1353 1-2.,
895 1303 1251 1356 circumscriptum
1284 1309 1347 1343 est
1378 1308 1542 1355 tempus
1573 1302 1683 1342 hisce
1714 1303 1798 1342 fere

288 1363 503 1403 terminis:
559 1363 839 1416 Olymp.105‚
876 1374 906 1400 1.
949 1366 992 1400 et
1033 1360 1196 1413 Olymp.
1231 1363 1317 1407 106,
1354 1372 1389 1399 2.
1444 1359 1583 1398 IMM.
1615 1359 1799 1398 HERR-

292 1420 481 1459 MANN.
514 1419 554 1458 111
591 1422 811 1458 comment.
847 1417 898 1457 (16
928 1417 1047 1456 Dem.
1079 1415 1339 1455 orationibus
1367 1430 1442 1469 pro
1472 1415 1728 1468 Apollodoro
1757 1419 1800 1454 et

290 1475 544 1515 Phormione
569 1475 756 1528 (Ei-ford.
786 1475 921 1524 1842.)
946 1488 984 1526 p.
1008 1483 1183 1527 15—-17.

348 1536 489 1572 ΠΡΟΣ
525 1532 870 1583 ΚΑΛΛῙΠΠΟΝ]
907 1529 1089 1568 Videtur
1120 1528 1186 1567 hic
1214 1527 1423 1580 Callippus
1454 1527 1563 1566 idem
1594 1541 1682 1566 esse
1709 1527 1799 1567 Cal-

289 1589 425 1642 lippus
456 1587 724 1628 Paeaniensis
753 1592 907 1629 oraton
931 1586 1048 1638 cujus
1075 1584 1263 1624 meminit
1298 1584 1493 1637 [scriptor
1521 1583 1722 1623 orationis
1750 1583 1800 1622 de

292 1645 551 1698 Halonneso]
583 1659 621 1697 p.
647 1646 713 1696 87,
744 1657 820 1689 10.,
843 1658 868 1682 a
890 1656 970 1695 quo
992 1656 1034 1681 se
1057 1641 1211 1680 victum
1237 1640 1395 1680 fatetur
1426 1640 1465 1678 in
1499 1654 1644 1679 caussa
1675 1656 1797 1689 παρα-

292 1703 430 1750 νόμων.
493 1702 627 1740 Actor
649 1714 792 1738 rursus
815 1704 878 1738 est
910 1699 1018 1737 idem
1042 1697 1327 1750 Apollodorus.
1364 1696 1560 1735 REISK.
1624 1696 1686 1734 De
1710 1695 1800 1735 (Jal-

289 1757 401 1810 lippo
432 1757 536 1796 conf.
568 1771 674 1810 quae
703 1756 743 1794 in
775 1755 894 1794 initio
923 1753 1244 1794 annotationum
1272 1753 1325 1792 ad
1355 1758 1462 1791 orat.
1488 1751 1660 1791 XLIX.
1688 1751 1801 1791 dicta

289 1819 412 1853 sunt:
446 1828 567 1866 quem
600 1811 708 1865 quod
741 1812 915 1851 eundem
952 1824 1040 1849 esse
1073 1809 1242 1862 conjicit
1270 1808 1465 1847 Reiskius
1494 1823 1585 1847 cum
1614 1807 1800 1861 Callippo

293 1869 551 1915 Paeaniensi,
580 1870 631 1908 de
660 1883 741 1922 quo
773 1868 951 1907 diximus
976 1867 1029 1906 ad
1057 1881 1095 1919 p.
1121 1866 1185 1918 87,
1218 1879 1289 1911 10.,
1319 1865 1431 1904 aliud
1462 1864 1602 1918 agenti
1633 1863 1800 1903 excidit.

292 1926 400 1966 Nam
423 1926 645 1979 Callippus,
669 1929 815 1964 contra
837 1938 958 1977 quem
981 1922 1138 1975 scripta-
1160 1923 1260 1961 haec
1283 1921 1418 1961 oratio
1440 1926 1515 1967 est,
1538 1920 1616 1960 fuit
1638 1921 1802 1969 δημότης

292 1982 593 2022 Archebiadis:
628 1997 663 2021 v.
698 1996 736 2034 p.
770 1992 886 2033 1243,
919 1992 983 2019 21.
1045 1977 1349 2017 Arcliebiadem
1382 1982 1522 2016 autem
1556 1976 1801 2029 Lamptren-

291 2052 376 2077 sem
397 2038 521 2078 fuisse
543 2042 710 2077 constat
731 2052 780 2076 ex
802 2052 841 2089 p.
867 2039 987 2087 1236,
1016 2048 1076 2087 15.
1109 2045 1224 2087 1237,
1243 2047 1306 2086 25.

354 2106 472 2147 1235,
502 2109 533 2133 1.
567 2094 785 2145 ἄνθρωπος]
813 2092 1086 2146 Significatur
1108 2090 1330 2144 (Tallippus.
1364 2089 1556 2128 REISK.
1619 2089 1800 2128 Accura-

291 2150 374 2189 tius
405 2150 487 2189 sic:
523 2149 766 2190 Generatim
788 2149 971 2201 loquitur
996 2147 1275 2200 Apollodorus
1307 2145 1497 2199 cogitans
1528 2145 1579 2184 de
1601 2144 1800 2198 Callippo.

294 2206 546 2246 SCHAEF.

353 2264 472 2312 1236,
498 2274 558 2300 12.
590 2262 700 2301 οὗτος
722 2260 766 2299 ὃν
789 2261 850 2299 καὶ
872 2260 998 2311 αὐτός]
1027 2257 1282 2310 Transposui
1304 2271 1395 2296 meo
1420 2256 1601 2309 periculo
1623 2255 1801 2308 primum

291 2318 535 2358 vocabulum
567 2316 648 2355 sic:
683 2316 727 2355 ὃν
757 2317 817 2354 καὶ
846 2316 956 2355 οὗτος
984 2315 1109 2355 αὐτός.
1173 2313 1266 2351 Non
1297 2317 1438 2352 tamen
1460 2312 1590 2359 video7
1615 2326 1718 2365 quae
1741 2311 1800 2350 vis

291 2374 390 2413 insit
426 2373 466 2412 in
495 2387 557 2420 eo,
580 2378 627 2412 ut
650 2371 860 2424 Callippus
888 2370 1031 2410 eodem
1066 2369 1116 2408 de
1147 2369 1311 2422 Lycone
1337 2373 1451 2422 agat,
1478 2369 1528 2407 de
1560 2382 1641 2421 quo
1669 2372 1799 2407 actor.

293 2429 489 2469 REISK.
555 2429 602 2468 F.
636 2428 681 2467 ὃν
712 2429 773 2466 καὶ
809 2427 931 2468 οὗτος.
984 2434 1030 2465 111
1067 2425 1179 2466 αὐτὸς
1215 2425 1436 2464 accesserit
1475 2439 1496 2464 e
1538 2425 1799 2476 διττογραφίᾳ.

293 2485 544 2526 SCHAEF.

356 2544 473 2595 1236,
514 2554 574 2594 ¹3·
615 2541 668 2592 οἱ]
715 2539 914 2578 Fortasse
947 2537 1165 2577 delendum
1199 2541 1245 2575 ut
1282 2541 1427 2575 natum
1461 2551 1482 2576 e
1512 2535 1634 2575 litera
1668 2534 1802 2588 prima

292 2597 480 2638 vocabuli
514 2595 735 2650 sequentis.
798 2593 880 2632 Vix
915 2593 1022 2632 enim
1052 2592 1196 2631 credas
1237 2592 1456 2632 Pasionem
1485 2606 1577 2631 cum
1611 2591 1801 2631 omnibus

292 2653 594 2694 mercatoribus
616 2650 876 2705 negotiatum
897 2663 997 2688 esse.
1032 2649 1291 2687 SCHAEF.

355 2713 473 2763 1236,
499 2722 563 2761 23.
601 2707 662 2759 ἐφ’
699 2705 1044 2759 ἑτέρᾳ-ἐμπορίᾳ]
1093 2710 1116 2726 “
1136 2704 1182 2743 Ι11
1216 2703 1497 2757 negotiatione
1530 2702 1667 2742 neseio
1697 2701 1802 2755 qua”

294 2765 434 2806 Reisk.
460 2765 500 2804 in
525 2764 614 2803 Ind.
640 2762 872 2803 Graecitat.
897 2775 928 2800 s.
951 2775 985 2799 v.
1010 2762 1149 2811 ἕτερος.
1208 2760 1271 2799 De
1293 2774 1375 2812 quo
1396 2759 1743 2812 interpretatione
1765 2773 1799 2797 v.

293 2828 381 2862 not.
406 2821 460 2861 ad
482 2836 520 2874 p.
545 2821 639 2873 908,
665 2832 729 2860 21.
766 2818 924 2857 Verte:
956 2816 1059 2856 alias
1081 2830 1217 2855 caussa
1239 2815 1520 2869 oeqqotiationzfs.
1567 2814 1802 2867 Opponitur

296 2877 474 2931 Lyconis
496 2876 594 2916 socii
617 2873 849 2926 negotiatio
873 2873 1042 2926 Libyca.
1077 2872 1335 2911 SCHAEF.

358 2936 475 2986 1236,
502 2932 567 2972 28.
600 2926 747 2980 ἰδιώῖτης
768 2930 809 2970 11.
833 2929 858 2968 l.
882 2929 950 2982 qui
982 2942 1063 2967 non
1095 2932 1157 2967 est
1189 2926 1430 2967 mensarius.
1493 2925 1558 2965 Sic
1586 2925 1695 2978 apud
1727 2938 1801 2963 nos
