1935 3200
257 94 367 133 1388
801 93 863 132 IN
896 91 1210 132 NEAERAM.

253 197 527 251 Hippocratis
558 198 646 251 lege
670 201 727 251 (p.
750 198 870 250 1380,
897 197 984 250 27.)
1008 209 1205 236 concessa
1235 198 1368 242 erant,
1395 200 1468 236 aut
1490 196 1600 249 quod
1620 195 1757 236 verius

251 258 368 306 puto,
391 254 455 293 lex
478 269 503 293 a
526 254 693 293 Polluce
717 254 752 301 8,
778 255 799 292 8
804 263 844 307 5.
866 257 1110 300 memorata,
1134 266 1239 305 quae
1261 250 1509 291 archontum
1538 251 1756 306 magistra-

252 314 342 349 tum
372 311 425 349 ab
456 309 504 348 iis
536 314 701 349 tantum
734 309 828 363 capi
858 309 1036 362 juberet,
1068 308 1136 361 qui
1168 308 1277 348 cives
1307 311 1445 346 essent
1476 309 1517 347 ἐκ
1547 309 1756 360 τριγονίας,

251 370 398 418 postea
429 366 638 405 observari
672 365 866 405 desierat.
909 364 969 405 Cf.
999 363 1288 404 Sainte-Groix
1314 376 1383 402 sm·
1404 362 1457 402 les
1478 363 1684 417 me'toeques
1713 378 1755 416 p.

257 423 347 470 178.
392 422 537 461 Meier.
567 422 618 461 de
649 421 768 461 bonis
800 422 936 460 damn.
973 436 1012 474 p.
1050 431 1117 474 59.
1156 424 1198 460 et
1234 428 1327 473 235.
1369 418 1756 459 SOHOEMANN.

254 477 401 530 Ant-iq.
425 478 535 531 publ.
560 493 600 532 p.
622 491 711 530 192.

318 534 433 586 1381,
460 546 524 585 24.
549 535 693 586 καλῶς]
734 534 791 573 Η.
815 534 840 572 l.
863 532 1021 586 accipio
1042 547 1118 585 pro
1141 535 1290 582 σαφῶς.
1329 530 1530 570 REISK.

316 591 432 642 1381,
458 602 523 642 25.
547 589 1009 641 διορίσασθαι-ἐάσετε]
1034 588 1152 628 Cum
1173 591 1316 627 orator
1336 586 1397 626 ita
1418 600 1516 626 usus
1545 586 1600 626 sit
1624 586 1757 626 infini-

253 645 350 693 tivo,
377 650 425 685 ut
453 660 573 685 nemo
604 660 686 685 non
717 645 845 685 etiam
876 645 916 684 in
948 643 1168 698 posteriori
1201 643 1386 682 membro
1419 647 1656 682 secuturum
1689 657 1757 682 ex-

253 706 414 755 spectet
435 701 696 748 infinitivum„
718 702 878 741 fervore
899 700 1061 740 dicendi
1083 700 1284 752 abreptus
1305 702 1557 752 repenteque
1579 699 1633 739 ad
1650 698 1758 751 judi-

253 773 319 797 ces
351 772 573 797 conversus
604 758 829 798 indicativo
860 757 1007 797 utitur.
1071 757 1162 806 Qua
1193 754 1458 795 conversione
1480 769 1603 807 quam
1624 754 1760 794 vivida

252 814 329 853 fiat
351 814 488 853 oratio
510 829 592 853 non
614 829 717 868 opus
740 813 890 854 doceri.
953 813 1019 852 Sic
1041 817 1181 852 autom
1203 815 1378 865 apparet
1398 826 1439 865 p.
1459 811 1578 864 1382,
1601 824 1641 865 3.
1664 814 1760 863 post

254 870 463 919 ἐποιήσατο
504 871 601 924 poni
637 875 829 924 oportere
869 869 1032 923 signum
1073 867 1371 921 interrogandi.
1445 867 1576 907 Plane
1615 867 1760 907 eadem

256 926 390 980 figura
412 926 653 966 elocutionis
675 942 713 980 p.
736 928 852 979 1385,
875 936 913 979 5.
937 924 1155 978 reperitur.
1194 923 1446 964 SOHAEF.

318 982 436 1035 1382,
463 995 497 1022 2.
521 983 873 1032 ἀστὴν-πολῖτιν]
912 981 963 1020 V.
987 981 1041 1020 ad
1062 995 1101 1033 p.
1127 993 1243 1033 1312,
1267 994 1304 1034 9.
1349 979 1608 1019 SCHAEF.

318 1040 436 1092 1382,
461 1041 498 1078 6.
521 1041 618 1089 μετὰ
640 1037 1108 1089 Σιΐμουῄάκολουθοῦσα]
1148 1035 1414 1076 Constructio
1436 1049 1517 1074 non
1538 1049 1645 1075 rara.
1706 1034 1758 1073 V.

256 1094 490 1134 Lobeckius
523 1095 575 1134 ad
610 1094 829 1147 Phrynich.
854 1109 892 1146 p.
916 1104 1011 1146 354.
1033 1097 1076 1132 et
1110 1091 1295 1145 inprimis
1326 1092 1545 1131 Dobraeus
1576 1091 1627 1130 ad
1660 1090 1759 1130 Ari-

258 1151 453 1204 stophan.
480 1151 591 1190 Plut.
616 1151 710 1202 824.
754 1150 861 1190 SCH
873 1149 1001 1188 AEF.

319 1208 436 1259 1382,
463 1218 498 1259 7.
522 1206 689 1259 Μηδίου]
722 1206 787 1245 De
807 1206 886 1245 hac
907 1204 1084 1244 nominis
1105 1206 1238 1243 forma
1259 1203 1417 1242 dictum
1437 1202 1491 1242 ad
1512 1217 1551 1255 p.
1569 1215 1614 1242 10
1617 1212 1683 1256 52,
1706 1203 1744 1242 6.

319 1264 437 1314 1381,
458 1275 520 1303 12.
543 1260 958 1313 ὑπηρετεῖν-ἡδονάς]
996 1260 1112 1300 Conf.
1133 1275 1171 1313 p.
1194 1260 1312 1312 1384.
1337 1271 1394 1311 15.
1441 1258 1639 1298 Fortasse
1660 1258 1761 1298 alte-

255 1323 373 1358 rutro
406 1318 495 1357 loco
527 1318 623 1357 olim
657 1318 767 1358 lecta
797 1321 895 1357 sunt
922 1330 1026 1371 quae
1057 1317 1110 1356 ab
1143 1317 1407 1368 Hermogene
1439 1318 1763 1354 commemorata

258 1375 459 1428 Taylorus
481 1374 626 1414 attulit
647 1375 701 1414 ad
722 1389 764 1427 p.
785 1384 903 1427 1351,
930 1386 995 1412 21.
1039 1372 1289 1412 SOHAEF.

321 1431 403 1470 εἶτα
439 1431 508 1480 τὴν
543 1430 801 1482 τοιαύτην-]
850 1429 936 1468 Vix
975 1428 1159 1482 putarim
1197 1428 1298 1467 haec
1340 1428 1502 1468 Graeca
1541 1440 1642 1474 esse,
1683 1425 1761 1465 nisi

257 1487 399 1526 vocula
421 1489 482 1526 καὶ
504 1486 760 1540 transposita
778 1490 820 1525 et
839 1484 1172 1538 interpunctione
1194 1488 1358 1524 mutata
1376 1484 1417 1523 in
1438 1484 1548 1523 hunc
1567 1482 1734 1521 modum
1751 1498 1759 1521 :

257 1544 339 1583 εἶτα
364 1544 432 1593 τὴν
452 1545 630 1592 τοιαύτην
652 1546 873 1594 περιφανῶς
902 1541 1153 1593 ἐγνωσμένην
1179 1541 1240 1580 καὶ
1268 1540 1341 1580 ὑπὸ
1370 1540 1526 1580 πάντων
1555 1541 1623 1588 γῆς
1653 1540 1760 1588 περί·

257 1603 347 1638 οδον
370 1599 629 1651 εἰργασμένην
650 1601 868 1650 ψηφιεῖσθε
890 1598 1013 1646 ἀστὴν
1036 1597 1159 1642 εῖναι;
1211 1596 1316 1635 Poni
1341 1601 1483 1636 autem
1504 1595 1669 1635 videtur
1688 1595 1760 1634 ab-

257 1655 390 1695 solute
426 1658 495 1704 γῆς
531 1657 724 1706 περίοδον,
758 1653 875 1708 quasi
912 1653 1024 1693 dicat
1063 1654 1158 1692 κατὰ
1197 1656 1330 1692 πᾶσαν
1361 1655 1426 1701 τῆς
1464 1654 1534 1703 γῆς
1568 1654 1761 1701 περίοδον.

257 1712 286 1751 J
293 1711 456 1751 URIN.
522 1711 635 1750 Nove
671 1725 770 1750 sane
806 1709 906 1749 illud
941 1709 1121 1748 dictum:
1165 1708 1425 1759 εἰργασμένην
1461 1708 1642 1757 περίοδον
1677 1709 1760 1758 γῆς,

257 1767 383 1807 orbem
406 1774 606 1807 τοννανιιιιι
618 1773 785 1820 propfer
805 1771 1004 1820 qumestum
1026 1764 1200 1817 corporis
1213 1763 1445 1817 pereaqmess.
1493 1763 1636 1815 Neque
1659 1761 1763 1802 satis

256 1824 395 1877 placet
415 1824 489 1863 ὑπὸ
511 1823 666 1863 πάντων
687 1825 757 1873 γῆς
777 1823 977 1873 περιόδων.
1015 1820 1275 1860 TAYLOR.
1338 1819 1577 1859 Videndum
1599 1833 1650 1858 ne
1671 1832 1762 1858 ora-

258 1887 326 1920 tor
359 1880 400 1919 in
436 1884 575 1919 mente
606 1878 803 1918 habuerit
833 1877 1083 1917 locutionem
1113 1876 1355 1916 athleticam
1386 1877 1567 1926 περίοδον
1593 1878 1703 1914 νικᾶν
1730 1888 1763 1913 s.

260 1938 514 1985 ἀναιρεῖσθαι,
539 1936 589 1974 dc
612 1950 694 1988 qua
710 1949 746 1974 v.
766 1935 1036 1974 Uasaubonus
1057 1932 1109 1973 ad
1134 1932 1291 1972 Athon.
1306 1932 1384 1972 vol.
1399 1945 1438 1985 5.
1456 1947 1495 1986 p.
1516 1943 1609 1985 313.
1631 1930 1760 1970 Schw.

261 1992 502 2032 SUHAEF.

322 2050 440 2101 1383,
466 2061 501 2098 7.
526 2049 566 2088 εὖ
590 2053 685 2102 post
707 2049 756 2089 ὡς
777 2047 897 2100 vulgo
918 2046 1070 2085 lectum
1092 2044 1243 2084 delevit
1265 2043 1441 2083 Bekl(er.
1495 2041 1589 2081 Non
1610 2041 1762 2082 imiter.

262 2104 344 2143 Hic
373 2109 514 2143 autem
542 2105 655 2143 locus
683 2103 740 2143 sic
766 2102 1006 2142 scribendus
1026 2101 1214 2141 videtur:
1250 2101 1490 2151 διηγούμενοι
1511 2099 1580 2148 τὴν
1602 2115 1763 2149 κατηγο-

260 2162 347 2209 ρίαν
370 2161 481 2209 αὐτῆς
503 2161 551 2201 ὡς
574 2162 614 2199 εὖ
637 2161 696 2199 καὶ
722 2162 963 2208 μνημονικῶς
995 2158 1055 2197 καὶ
1084 2159 1273 2206 ἐπιμελῶς
1294 2157 1380 2206 περὶ
1403 2154 1565 2194 ἑκάστου
1587 2155 1630 2193 οὗ
1653 2171 1763 2203 κατη-

261 2215 428 2266 γορήθηε
460 2220 507 2255 ut
528 2217 576 2257 ὡς
599 2216 761 2255 εῧ-καὶ
788 2216 977 2261 ἐπιμελῶς
1004 2212 1209 2252 referatur
1236 2211 1290 2250 ad
1318 2211 1572 2261 διηγούμενοι.
1634 2209 1763 2249 Lenis

261 2272 363 2311 haec
396 2271 574 2311 mutatio
610 2270 709 2324 quid
744 2270 930 2309 conferat
965 2269 1018 2308 ad
1053 2267 1301 2321 elegantiam
1337 2265 1602 2305 suavissimae
1637 2265 1762 2305 inter-

262 2327 480 2367 locutionis
501 2342 620 2366 nemo
641 2325 851 2365 docendus
873 2329 952 2364 est.
996 2323 1239 2364 SGHAEF.

324 2384 442 2436 1383,
466 2397 528 2422 11.
551 2387 626 2422 τῶν
647 2385 711 2431 τῆς
732 2380 903 2434 πόλεως]
936 2384 1011 2419 τῶν
1033 2380 1165 2418 ὁσίων.
1209 2377 1463 2418 SUHAEF.

330 2441 443 2492 1383,
466 2451 524 2490 17.
548 2439 777 2489 γενόμενον]
802 2435 1014 2488 γενομένου
1029 2434 1220 2474 VVolfius.
1268 2432 1545 2473 Accusativus
1566 2433 1669 2473 bene
1692 2433 1763 2472 ha-

264 2496 349 2535 bet.
411 2495 637 2535 Aeschines
659 2509 696 2548 p.
721 2496 800 2547 623
825 2492 874 2531 R.
900 2491 1074 2540 θαυμάζω
1103 2490 1132 2530 δ’
1152 2491 1273 2542 ἔγωγε
1302 2491 1417 2539 ὑμῶν,
1439 2513 1506 2537 -,
1530 2489 1622 2540 πρὸς
1650 2489 1689 2528 τί
1715 2488 1763 2528 ἂν

265 2551 562 2600 ἀποβλέποντες
583 2550 911 2601 ἀποψηφίσαισθε
932 2548 1000 2596 τὴν
1021 2546 1189 2598 γραφήν.
1233 2546 1488 2585 SCHAEF.

328 2609 445 2660 1383,
470 2608 531 2646 18.
558 2604 777 2659 παντελῶς]
811 2604 921 2643 Vide
952 2617 1003 2642 ne
1036 2602 1091 2642 sit
1126 2601 1456 2655 interpretantis.
1517 2599 1764 2639 Ammonius

265 2678 304 2715 p.
330 2667 394 2716 83.
423 2663 822 2713 Κομιὸῆ-σημαίνει
854 2660 897 2699 τὸ
930 2663 1140 2699 παντελῶς.
1186 2657 1418 2712 Hesychius
1439 2657 1515 2697 vol.
1543 2668 1578 2695 2.
1603 2670 1641 2709 p.
1664 2656 1760 2708 308.

271 2722 681 2769 Κομιὸἣ-παντελῶς,
718 2715 966 2757 SOHAEF.
1029 2714 1184 2754 Delevi.

332 2776 445 2828 1383,
472 2788 534 2816 21.
558 2774 743 2826 τύχωσιν]
781 2770 966 2812 Subaudi
988 2770 1221 2821 φάσκουσαι.
1266 2769 1523 2808 SCHAEF.

333 2826 449 2884 1383,
474 2843 537 2883 27.
570 2830 715 2883 ἀποδῷ]
752 2827 919 2869 Τι’ίόιιαέ
948 2831 1147 2879 tanquam
1178 2825 1376 2866 debitum.
1447 2823 1592 2864 Malim
1623 2826 1762 2862 tamen
