1935 3200
299 142 411 183 1262
574 142 637 181 IN
670 140 976 181 EUERGUM
1011 140 1085 179 ET
1120 139 1544 180 MNESIBULUM.

361 262 480 299 ¹15—!=
505 250 563 287 16.
588 247 771 300 ἐνταῦθα]
805 247 865 286 Η.
889 261 924 286 0.
952 248 1005 288 εἰς
1026 250 1151 285 τοῦτο.
1196 245 1445 284 SCHAEF.

361 318 372 342 1
393 317 478 358 154.
505 305 562 342 18.
584 303 844 357 ῥαδίως-καὶ
866 302 1031 356 ἀκάκως]
1059 302 1174 342 Infra
1193 316 1232 355 p.
1252 302 1367 350 1162,
1385 314 1421 342 2.
1445 299 1595 342 ἀκάκως
1618 300 1679 339 καὶ
1701 301 1812 352 ταχύ.

304 360 550 400 SCHAEF.

363 427 482 469 1154.
502 428 564 466 27.
588 415 658 465 τὴν
675 413 899 467 καταδίκην]
925 413 1132 453 filiastram.
1184 413 1253 453 Sic
1274 416 1415 453 autem
1436 428 1477 466 p.
1495 426 1503 451 1
1522 423 1609 465 155,
1630 424 1665 451 2.
1694 425 1706 450 1
1726 413 1812 464 156,

300 484 366 512 22.
400 474 515 525 1158,
544 484 579 511 2.
645 471 804 511 Eadem
835 476 900 510 est
931 469 1179 524 significatio
1211 468 1407 523 simplicis
1436 470 1529 518 δίκη.
1573 469 1626 508 V.
1648 473 1737 508 not.
1760 468 1814 507 ad

297 543 337 581 p.
364 530 481 581 1158,
508 540 574 567 20.
622 527 868 567 SCHAEF.

363 598 478 637 1155,
502 594 540 638 5.
562 583 734 636 μαλακὰ]
767 583 918 623 BIolles.
981 582 1139 622 Utrum
1161 581 1353 621 intonsas
1380 595 1434 620 an
1461 578 1573 619 molli
1598 579 1813 632 praeditas

297 641 420 680 lana?
453 640 645 680 WOLF.
704 639 877 689 μάλιστα
911 638 1131 692 legendum
1166 637 1331 677 videtur
1362 635 1533 676 Reiskio
1564 636 1654 675 Iud.
1684 635 1813 675 Grae-

297 697 416 737 citat.
467 695 771 736 Valckenarius
794 695 1016 735 Anilnadv.
1039 695 1093 734 ad
1116 694 1311 733 Ammon,
1333 709 1373 747 p.
1400 707 1470 742 14:
1507 698 1529 714 ‘⁶
1547 692 1691 731 Scribe
1712 691 1813 731 mihi

299 768 452 807 quaeso
487 755 688 803 μαλλωτὰ,
721 756 764 792 et
800 751 975 791 habebis
1011 765 1181 790 manum
1214 748 1548 790 Denmsthenis³⁵
1608 748 1815 788 Neutrum

298 810 442 864 probo.
506 809 614 849 Sunt
640 823 743 862 quas
776 808 958 862 Hispani
992 807 1136 847 dicunt
1167 807 1352 846 marinas.
1405 805 1522 846 Conf.
1544 819 1583 858 p.
1605 814 1723 859 1251,
1749 817 1813 845 21.

304 865 551 905 SCHAEF.

368 932 484 975 1155,
520 933 556 974 7.
592 920 799 976 ᾐτημένην]
862 920 979 961 Citat
1014 920 1052 959 h.
1090 919 1114 959 l.
1153 918 1468 972 Harpocration
1501 932 1536 956 v,
1562 916 1814 967 Ἢιτημένην.

300 978 494 1018 REISK.
558 977 869 1018 Commodamm.
916 976 969 1016 V.
999 976 1055 1016 ad
1077 975 1203 1015 Titul.
1228 977 1347 1015 Orat.
1370 989 1403 1014 0.
1428 973 1610 1013 Timoth.
1632 989 1672 1027 p.
1694 987 1707 1012 1
1722 975 1814 1025 184.

300 1036 432 1074 Recte
462 1033 775 1087 Harpocration
807 1033 1111 1086 interpretatur
1142 1032 1393 1084 κεχρημένην,
1423 1030 1533 1083 quod
1566 1029 1607 1068 in
1642 1029 1812 1082 κιχρημέ-

299 1108 369 1141 νην
391 1105 490 1130 cave
512 1095 647 1130 mutes
671 1105 764 1129 011111
787 1088 1068 1129 Valckenario
1089 1088 1115 1128 l.
1138 1102 1171 1127 c.
1193 1103 1233 1141 p.
1254 1101 1314 1141 13.
1369 1087 1422 1126 V.
1446 1090 1532 1126 not.
1557 1086 1610 1126 ad
1633 1102 1672 1140 p.
1693 1100 1707 1125 1
1722 1099 1813 1138 191,

300 1149 338 1186 6.
384 1147 631 1186 SCHAEF.

360 1217 374 1242 1
389 1216 479 1256 155,
502 1216 563 1242 10.
587 1202 699 1254 πρὸς]
740 1202 792 1240 V.
816 1217 854 1255 p.
876 1203 995 1249 1162,
1016 1211 1093 1254 15.,
1116 1200 1186 1240 ubi
1210 1200 1344 1240 discas
1366 1214 1439 1239 cur
1459 1199 1528 1239 hic
1551 1199 1708 1239 inserta
1730 1198 1815 1239 sint

300 1263 460 1311 γεωργῶ
482 1261 522 1298 δὲ
537 1284 603 1298 -.
648 1258 895 1297 SCHAEF.

360 1329 374 1354 1
390 1326 482 1368 155,
508 1327 572 1354 20.
596 1313 786 1367 τοσαῦτα]
826 1313 1055 1353 Tantalum.
1100 1312 1347 1352 SCHAEF.

362 1385 375 1410 1
391 1382 482 1425 155,
509 1384 574 1423 23.
596 1373 644 1410 τὰ
664 1372 737 1420 μὲν
760 1370 926 1422 ἐνέχυρα
949 1374 1069 1409 κεῖται
1092 1369 1232 1422 αὐτῶν]
1262 1368 1319 1408 Η.
1341 1383 1376 1408 0.
1398 1371 1445 1408 τὰ
1465 1368 1538 1417 μὲν
1560 1366 1684 1407 αὐτῶν
1707 1368 1814 1407 ἐστιν

301 1428 479 1480 ἐνέχυρα.
525 1427 772 1467 SCHAEF.

362 1498 377 1523 1
391 1494 481 1537 155,
507 1494 571 1537 25.
595 1483 690 1532 πρὸς
712 1485 752 1522 δὲ
775 1482 941 1534 τούτοις]
982 1480 1061 1520 His
1082 1481 1201 1535 jungi
1224 1481 1434 1521 debebant
1456 1494 1562 1534 quae
1584 1483 1814 1532 sequuntur

300 1555 338 1593 p.
360 1554 374 1579 1
388 1542 482 1593 156,
506 1542 541 1579 8.
605 1539 687 1579 Sed
710 1538 965 1579 narrationis
987 1538 1133 1578 seriem
1163 1537 1472 1591 interrumpunt
1499 1536 1656 1576 inserta
1678 1535 1815 1588 ἔτυχεν

299 1598 322 1646 ἡ
351 1596 447 1647 γυνή
475 1613 547 1646 μου
576 1615 607 1635 κ.
625 1613 656 1634 τ.
680 1602 717 1635 λ.
784 1595 851 1634 Sic
884 1594 1031 1634 Graeci
1066 1594 1229 1647 saepius
1263 1594 1409 1641 solent,
1441 1592 1607 1647 quando
1640 1596 1815 1632 narrant

301 1652 586 1704 ἀφελέστερον.
638 1652 691 1691 V.
714 1657 802 1691 not.
823 1651 876 1691 ad
898 1666 936 1704 p.
962 1664 1056 1703 925.
1083 1663 1118 1690 2.
1163 1650 1409 1690 SCHAEF.

366 1710 482 1762 1156,
508 1710 544 1748 8.
568 1708 624 1762 δὲ]
660 1708 805 1747 Malim
829 1707 886 1757 δή.
931 1707 1102 1747 DOBR.

366 1766 482 1819 1156,
505 1779 567 1804 11.
600 1765 650 1817 τῷ
679 1764 825 1817 πύργῳ]
878 1763 957 1803 Est
996 1762 1182 1803 aedicula
1215 1762 1475 1810 eminentior,
1505 1761 1574 1800 ubi
1613 1759 1813 1799 muliebre

300 1836 430 1875 genus
453 1821 712 1861 versabatur.
747 1820 847 1859 REI
855 1820 940 1859 SK.
991 1818 1319 1872 V.Verheykius
1340 1819 1394 1858 ad
1412 1816 1614 1858 Antonin.
1634 1815 1812 1856 Liberal.

301 1893 340 1931 p.
365 1878 430 1932 98.
453 1877 522 1917 ubi
545 1877 706 1931 integer
733 1876 885 1930 legitur
910 1875 1099 1916 heroicus
1121 1874 1320 1915 Nicandri
1348 1875 1401 1915 ab
1424 1874 1584 1914 editore
1614 1887 1698 1912 non
1728 1872 1814 1913 ani-

302 1934 555 1974 madversus.
603 1933 849 1973 SCHAEF.

364 2005 377 2029 1
397 1992 482 2043 156,
504 2003 564 2043 13.
590 1990 791 2043 εἰσῆλθον]
825 1988 1116 2042 Theophemus
1137 1992 1180 2028 et
1198 1987 1402 2041 Euergus.
1438 1986 1640 2026 REISK.
1692 1985 1815 2024 Adde

302 2046 624 2086 Menesibulum.
670 2046 723 2085 V.
746 2061 784 2099 p.
806 2060 819 2085 1
838 2055 924 2099 155,
947 2059 1007 2098 15,
1051 2044 1304 2085 SCHAEF.

364 2105 483 2155 1156,
503 2105 566 2142 16.
591 2101 694 2155 ἄξια]
726 2102 838 2142 Nota
859 2101 1109 2155 adjectivum
1129 2099 1291 2154 generis
1313 2097 1502 2138 neutrius
1524 2097 1715 2151 positum,
1734 2096 1813 2137 etsi

303 2158 429 2198 etiam
451 2159 505 2198 ad
526 2159 711 2197 homines
733 2159 923 2198 refertur.
988 2157 1055 2197 Sic
1077 2156 1204 2197 etiam
1226 2169 1293 2209 p.1
1307 2156 1397 2206 164.
1413 2167 1451 2207 5.
1515 2153 1679 2193 Scilicet
1699 2168 1814 2193 man-

303 2214 411 2268 cipia
432 2214 565 2254 instar
585 2229 723 2253 rerum
743 2215 969 2253 habebant.
1011 2212 1262 2253 SGHAEF.

367 2272 483 2323 1156,
508 2283 573 2310 20.
601 2269 862 2323 περιμείνητε]
897 2268 1061 2308 Scilicet
1087 2269 1204 2308 αὐτὸν
1226 2268 1444 2306 ἐπανιόντα.
1500 2266 1536 2305 si
1565 2265 1698 2305 voletis
1727 2279 1811 2304 ma-

303 2340 404 2371 nere.
439 2326 556 2366 donec
591 2327 761 2365 mem-itus
793 2339 899 2365 meus
938 2325 1093 2364 donnum
1128 2324 1273 2363 redeat.
1316 2321 1509 2361 REISK.
1572 2323 1815 2372 περιμείνητε

304 2382 476 2436 perinde
493 2389 539 2421 ut
560 2382 727 2432 μετέλθῃ
749 2380 1008 2421 referendum
1029 2380 1084 2420 ad
1101 2379 1217 2419 αὐτὸν
1233 2379 1343 2432 quod
1365 2377 1566 2431 sequitur.
1601 2377 1814 2419 SOHAE-

308 2439 437 2478 FER.

366 2509 380 2534 1
400 2495 485 2547 156,
512 2506 575 2548 25.
600 2494 642 2533 τὸ
666 2494 844 2543 κυμβίον]
881 2492 996 2532 Citat
1017 2492 1056 2531 h.
1079 2492 1103 2531 l.
1130 2491 1376 2531 Athenaeus
1400 2503 1460 2530 11.
1485 2505 1524 2542 p.
1546 2490 1622 2540 481
1649 2490 1697 2528 F.

368 2565 381 2590 1
397 2563 486 2603 157,
508 2552 546 2590 6.
569 2549 724 2602 πελιὸν]
756 2549 895 2588 πέλιον
915 2562 1061 2602 margo
1083 2547 1146 2587 ed.
1174 2547 1308 2587 Paris.
1371 2546 1613 2601 Perperam.
1663 2545 1715 2584 V.
1734 2546 1814 2584 Ar-

306 2607 449 2647 cadius
464 2622 506 2660 p.
521 2620 589 2657 41,
605 2620 645 2661 3.
700 2605 874 2645 Πελινὸν
888 2605 1045 2644 Α110011.
1063 2604 1192 2644 Bekk.
1209 2619 1247 2657 p.
1268 2616 1360 2658 293,
1377 2616 1436 2653 ¹4-
1487 2602 1631 2642 Scribe
1650 2602 1813 2641 Πελιόν.

309 2663 559 2704 SOHAEF.

368 2731 490 2773 1157,
510 2732 570 2772 13.
605 2719 674 2768 τὴν
702 2717 837 2768 ἑτέραν
864 2716 969 2767 ὁδὸν]
1011 2716 1251 2756 Proximam
1284 2715 1475 2755 semitam
1506 2713 1726 2754 finitimam
1759 2712 1814 2752 illi

308 2775 493 2821 semitae.
516 2775 557 2814 in
580 2789 662 2828 qua
684 2774 789 2814 sitae
811 2777 930 2813 erant
951 2773 1074 2812 aedes
1095 2772 1260 2812 actoris.
1304 2771 1495 2811 REISK.

363 2831 624 2884 ‘Ayvo'cpmonj
650 2829 938 2884 Hagnophilus
959 2828 1025 2868 hic
1042 2828 1205 2868 videtur
1226 2828 1344 2868 istius
1361 2827 1437 2867 vici
1458 2825 1658 2880 magister
1676 2824 1812 2872 fuisse.

309 2887 538 2939 eujusmodi
574 2886 844 2939 magistratus
875 2885 1041 2925 vicanus
1082 2884 1299 2938 posteriori
1336 2898 1438 2924 aevo
1473 2882 1553 2922 fuit
1591 2881 1814 2922 Ircnarcha

310 2944 457 2984 dictus.
501 2942 692 2983 REISK.
