1935 3200
276 141 387 180 1332
659 139 980 180 ADVERSUS
1015 140 1395 181 EUBULIDEM.

274 244 368 293 πρὸς
391 244 560 284 Βοιωτὸν
580 245 675 294 ὑπὲρ
696 248 763 283 τοῦ
785 245 984 293 ὀνόματος,
1002 245 1027 293 ἥ
1046 261 1088 284 τε
1109 245 1202 294 πρὸς
1224 245 1470 295 Εὐβουλίδην
1486 247 1620 296 ἔφεσις
1643 264 1675 285 κ.
1690 263 1722 286 τ.
1739 252 1777 285 λ.

275 300 434 339 Verum
455 305 666 352 uteunque
686 314 735 339 ea
755 314 821 339 res
842 300 909 348 sit,
929 315 1011 340 non
1032 300 1218 340 adducor
1239 301 1348 341 notis
1369 301 1460 341 istis
1481 302 1778 356 ehronologieis

274 360 321 394 ut
345 356 399 395 ad
429 355 707 409 antiquiorem
735 360 837 395 natu
859 370 984 409 quam
1015 357 1340 396 Demosthenem
1370 357 1559 410 protinus
1589 359 1777 398 referam.

277 412 355 461 Qui
377 412 486 451 enim
507 411 669 465 Olymp.
693 424 758 465 97.
782 412 823 451 in
845 412 976 452 lucem
998 412 1134 452 editus
1156 416 1259 458 erat,
1282 427 1356 452 eur
1382 428 1464 453 non
1494 428 1569 466 per
1594 419 1778 454 aetatem

274 467 311 506 ei
332 467 496 507 licuerit
518 467 680 521 Olymp.
701 480 791 518 107.
813 468 875 507 vel
900 469 987 507 108.
1008 468 1071 508 vel
1092 468 1222 508 etiam
1244 482 1334 523 109.
1358 483 1547 509 caussam
1577 471 1689 523 apud
1715 471 1777 523 ju-

274 522 385 563 diees
408 524 541 563 dicere
562 528 604 563 et
625 528 801 564 matrem
822 524 1089 578 superstitem
1110 525 1289 564 habere?

338 580 433 619 Non
467 580 637 633 majoris
671 580 871 620 momenti
909 585 973 620 est
1008 595 1105 620 usus
1137 580 1252 620 verbi
1288 581 1621 631 ἀποψηφίζεσθαι.
1687 581 1778 621 Ple-

273 650 448 689 rumque
481 636 647 690 quidem
683 637 811 689 judex
853 638 1171 688 ἀποψηφίζεσθαι
1207 636 1372 684 dieitur,
1410 636 1479 690 qui
1514 636 1669 690 judicio
1708 638 1778 677 ab·

274 692 419 732 solvit:
454 697 500 732 at
520 707 616 732 vero
647 692 688 731 in
720 694 954 744 διαψηφίσει
981 695 1023 732 ἐν
1055 693 1183 742 δήμοις
1210 692 1492 745 unusquisque
1522 693 1697 746 populus
1728 693 1779 733 de

274 753 388 789 statu
422 763 590 787 suorum
625 749 876 788 sententiam
912 748 1018 788 ferre
1053 753 1233 795 tenetur,
1265 762 1452 801 eumque,
1486 763 1608 801 quem
1639 763 1778 802 repro-

272 805 391 853 bant,
424 806 742 856 ἀποψηφίζεσθαι
778 805 984 844 dicuntur.
1043 805 1191 844 Pollux
1224 808 1262 852 δ’,
1285 806 1357 844 18;
1396 806 1570 846 Φύλλοις
1605 807 1645 844 δὲ
1683 808 1778 857 ἐψη-

272 862 429 911 φίζοντο
465 862 501 900 οἱ
536 863 631 900 κατὰ
667 860 806 910 δήμους
841 861 1066 908 δικάζοντες,
1101 862 1157 902 οἷς
1195 861 1433 912 ἐπέγραφον,
1467 863 1503 900 εἵ
1532 877 1588 902 τις
1621 862 1669 903 ὡς
1705 878 1778 901 πα-

232 940 235 941 ’
270 916 514 968 ρέγγραπτος
545 917 727 967 ἐκρίνετο.
777 918 838 956 καὶ
870 917 912 956 τὸ
944 921 1186 968 καταγνῶναι
1212 919 1388 956 ἐκαλεῖτο
1416 918 1776 968 ἐκφυλλοφορῆσαι,

275 974 335 1012 καὶ
377 974 397 1012 ὁ
435 973 751 1024 κατεγνωσμένος
790 973 1249 1024 ἐκπεφυλλοφορημένος.
1311 972 1525 1022 ὠνομάζετο
1562 974 1603 1013 δὲ
1638 973 1778 1013 ταύτὸν

273 1032 385 1068 τοῦτο
416 1030 762 1080 ἀποψηφίσασθαι,
790 1030 850 1068 καὶ
878 1030 1224 1081 ἀπεψηφισμένον,
1245 1030 1483 1069 ἀπεναντίως
1502 1029 1552 1082 τῷ
1574 1031 1677 1079 παρὰ
1698 1033 1779 1071 τοῖς

273 1087 482 1126 δικασταῖς.
545 1086 626 1124 ἐκεῖ
661 1086 736 1135 γάρ
771 1085 815 1123 τὸ
850 1086 1185 1136 ἀποψηφίσασθαι
1219 1085 1262 1123 τὸ
1299 1086 1457 1135 ἀφεῖναι
1493 1085 1618 1124 ἐστίν·
1662 1087 1704 1124 ἐν
1736 1087 1778 1124 δὲ

273 1144 353 1182 τοῖς
389 1143 483 1180 κατὰ
518 1140 656 1190 δήμους
691 1141 946 1192 δικαστηρίοις
982 1142 1066 1181 ἀντὶ
1102 1145 1168 1180 τοῦ
1205 1142 1556 1192 καταψηφίσασθαι
1589 1140 1778 1180 τάττεται.

276 1196 393 1235 Idem
414 1209 452 1249 3,
475 1206 547 1250 57:
580 1198 689 1235 Κατὰ
714 1197 755 1235 δὲ
778 1200 852 1236 τῶν
872 1196 1278 1247 παρεγγεγραμμένων
1299 1198 1424 1245 ξενίας
1451 1197 1595 1247 γραφὴ,
1620 1198 1681 1237 καὶ
1710 1200 1778 1236 δω-

272 1253 461 1303 ροξενίας,
493 1252 541 1292 ἂν
568 1253 820 1303 διαφθείρωσι
851 1253 938 1294 τοὺς
968 1252 1198 1300 δικάζοντας.
1243 1254 1262 1292 ὁ
1294 1254 1335 1292 δὲ
1368 1253 1656 1294 καταδικασθεὶς
1687 1254 1778 1293 ἀπε-

273 1308 537 1359 ψηφισμένος,
571 1308 1029 1359 ἐκπεφυλλοφορημένος.
1085 1309 1145 1347 καὶ
1181 1310 1228 1348 τὰ
1257 1308 1406 1360 ῥήματα
1440 1312 1776 1360 παρεγγραφῆναι,

273 1366 402 1413 ξενίας
435 1366 596 1410 ἁλῶναι,
631 1365 759 1413 ξενίας
791 1365 1021 1415 ἀποφυγεῖν,
1055 1365 1491 1416 ἐκπεφυλλοφορῆσθαι,
1524 1366 1778 1416 ἀποψηφίσα-

274 1423 378 1460 σθαι.
440 1420 776 1474 Harpocration:
808 1419 1148 1472 Ἀποψηφίζονται
1177 1421 1261 1460 ἀντὶ
1285 1425 1353 1460 τοῦ
1379 1420 1693 1467 καταδικάζουσιν
1714 1422 1778 1460 αὐ-

273 1477 341 1516 τὸν
370 1476 421 1526 μὴ
458 1476 555 1516 εἶναι
586 1478 762 1526 πολίτην.
826 1478 1045 1529 Δείναρχος
1081 1478 1123 1516 ἐν
1155 1477 1205 1529 τῷ
1244 1479 1338 1516 κατὰ
1364 1475 1666 1529 Ἀρχεστράτου.
1718 1478 1779 1517 καὶ

274 1533 527 1584 ἀποψήφισιν
549 1535 589 1572 δὲ
614 1533 657 1572 τὸ
684 1536 842 1584 πρᾶγμα
871 1532 983 1584 λέγει
1006 1533 1258 1583 Δημοσθένης
1287 1535 1329 1572 ἐν
1350 1536 1394 1587 τῇ
1416 1533 1510 1583 πρὸς
1532 1533 1779 1583 Εὐβουλίδην

273 1589 421 1639 ἐφέσει.
489 1588 637 1628 Suidas
659 1603 694 1628 V.
712 1589 1087 1640 Ἀποψηφισθέντας
1125 1590 1172 1628 Εἴ
1200 1606 1255 1631 τις
1284 1589 1395 1638 ξένος
1426 1589 1557 1638 ἔδοξεν
1588 1588 1686 1628 εἶναι
1718 1590 1779 1629 καὶ

273 1645 317 1684 οὐ
345 1646 517 1693 πολίτης,
547 1649 681 1684 τοῦτον
703 1647 746 1684 ἐν
766 1650 850 1686 ταῖς
877 1646 1139 1696 διαψηφίσεσι
1166 1649 1242 1684 τῶν
1267 1645 1395 1694 δήμων
1420 1646 1715 1697 ἀπεψηφίζοντο
1744 1647 1780 1685 οἱ

273 1702 443 1750 δημόται,
468 1701 528 1740 καὶ
558 1700 718 1752 ἐλέγετο
750 1701 1088 1752 ἀπεψηφισμένος.
1133 1700 1215 1740 εἶτα
1242 1701 1421 1752 εἰσήγετο
1451 1703 1503 1742 εἰς
1529 1702 1573 1740 τὸ
1603 1701 1779 1751 δικαστή-

271 1773 356 1807 ριον
379 1757 439 1796 καὶ
471 1758 640 1807 ἐκρίνετο
671 1755 813 1806 ξενίας·
848 1757 908 1796 καὶ
939 1759 972 1796 εἰ
998 1758 1070 1806 μὲν
1095 1757 1208 1803 ἑάλω,
1237 1757 1494 1807 ἐπιπράσκετο
1523 1758 1572 1798 ὡς
1599 1757 1720 1806 ξένος,
1745 1759 1780 1797 εἰ

272 1813 314 1851 δὲ
354 1812 512 1862 ἐκράτει,
555 1812 854 1862 ἀνελαμβάνετο
900 1814 952 1854 εἰς
992 1813 1060 1862 τὴν
1100 1815 1314 1853 πολιτείαν.
1371 1815 1467 1852 οὕτω
1510 1813 1777 1862 Δημοσθένης.

275 1868 392 1907 Idem
413 1868 453 1907 in
470 1868 800 1920 Ἀπεψηφίσατοι
833 1868 923 1908 Ἐπὶ
944 1873 1023 1910 τοῖς
1045 1868 1175 1918 δήμοις
1202 1870 1469 1920 ἀποψηφίσεις
1497 1869 1680 1920 ἐγένοντο
1701 1873 1778 1908 τῶν

271 1924 552 1975 γεγραμμένων
588 1927 660 1974 μὲν
696 1926 750 1966 εἰς
789 1925 832 1964 τὸ
871 1925 1122 1976 ληξιαρχικὸν
1157 1929 1431 1976 γραμματεῖον,
1473 1925 1541 1964 οὐκ
1582 1926 1705 1964 ὄντων
1737 1927 1778 1964 δὲ

273 1981 415 2028 ἀστῶν,
449 1982 555 2020 ἀλλὰ
587 1981 992 2032 παρεγγεγραμμένων
1024 1983 1077 2023 εἰς
1112 1981 1181 2030 τὴν
1210 1983 1424 2020 πολιτείαν·
1465 1981 1525 2020 καὶ
1557 1981 1661 2020 οὗτοι
1694 1980 1778 2020 ἐλέ-

273 2053 389 2087 γοντο
422 2036 753 2088 ἀπεψηφισμένοι,
785 2038 927 2086 ἐπειδὴ,
956 2037 1095 2088 ψήφου
1125 2038 1212 2088 περὶ
1244 2038 1356 2087 αὐτῆς
1387 2038 1623 2089 ἐπαχθείσης
1652 2036 1779 2076 οὐκέτι

272 2097 455 2144 μετεῖχον
476 2096 539 2142 τῆς
559 2094 770 2134 πολιτείας.
834 2093 950 2132 Idem
977 2093 1019 2132 in
1042 2093 1312 2144 Διαψήφισις;
1348 2095 1399 2133 Οἱ
1419 2097 1575 2133 πολῖται
1596 2094 1778 2132 συνίασιν

274 2148 431 2187 ἕκαστοι
463 2150 558 2187 κατὰ
585 2149 672 2190 τοὺς
699 2149 835 2195 αὐτῶν,
871 2150 932 2188 καὶ
959 2150 1046 2199 περὶ
1072 2153 1148 2188 τῶν
1180 2150 1306 2188 αἰτίαν
1335 2151 1506 2201 ἐχόντων
1534 2148 1557 2198 ἢ
1587 2165 1777 2199 παρεγγε-

273 2203 505 2254 γραμμένων
527 2205 580 2244 εἰς
606 2205 675 2253 τὴν
695 2206 898 2244 πολιτείαν
919 2207 1058 2255 ψῆφον
1078 2205 1242 2255 φέρουσι
1268 2206 1447 2255 κρύβδην,
1471 2205 1554 2243 οἷον
1569 2203 1777 2255 Ἀχαρνεῖς

273 2259 359 2309 περὶ
379 2258 617 2311 Ἀχαρνέων,
652 2260 712 2298 καὶ
742 2261 829 2310 περὶ
848 2259 1106 2299 Ἐλευσινίων
1136 2262 1173 2299 οἱ
1191 2259 1442 2305 Ἐλευσίνιοι,
1479 2260 1540 2299 καὶ
1576 2261 1611 2299 οἱ
1645 2261 1776 2299 λοιποὶ

274 2316 432 2364 δημόται
464 2316 754 2364 παραπλησίως·
792 2316 853 2354 καὶ
885 2319 997 2354 τοῦτο
1031 2315 1263 2366 διαψήφισις
1300 2320 1486 2355 καλεῖται.
1536 2317 1573 2355 οἱ
1605 2317 1677 2365 μὲν
1707 2316 1776 2355 οὖν

273 2371 467 2410 πλειόνων
491 2370 639 2420 ψήφων
665 2370 926 2422 τυγχάνοντες
956 2371 1308 2421 ἀναμφισβητήτως
1335 2371 1404 2420 τὴν
1431 2373 1633 2411 πολιτείαν
1661 2371 1773 2423 ἔχου-

275 2443 351 2473 σιν,
381 2427 467 2465 ὅσοι
500 2425 529 2465 δ’
554 2426 601 2465 ἂν
627 2425 837 2468 ἐλάττονας
865 2426 1023 2477 ψήφους
1056 2427 1249 2474 λάβωσιν,
1282 2427 1407 2466 οὐκέτι
1440 2428 1668 2476 νομίζονται.
1714 2427 1776 2467 καὶ

273 2483 387 2521 τοῦτό
408 2483 516 2521 ἐστιν
536 2483 558 2531 ἡ
586 2481 846 2533 ἀποψήφισις.
907 2482 1139 2535 Etymolog.
1166 2483 1226 2522 M.
1247 2482 1461 2534 ν.’Έφεσις
1480 2498 1520 2536 p.
1539 2496 1639 2533 401:
1663 2483 1775 2534 Ἐγέ-

275 2555 362 2577 νετο
394 2539 434 2577 δὲ
460 2538 628 2589 (ἔφεσις)
648 2536 861 2587 Ἀθήνησιν
882 2539 944 2577 ἐπὶ
968 2541 1044 2577 τῶν
1069 2539 1110 2577 ἐν
1130 2542 1208 2579 τοῖς
1239 2538 1370 2588 δήμοις
1401 2538 1774 2590 ἀποψηφισθέντων.

275 2595 487 2645 ἐφεῖσθαιὲῑ
508 2595 582 2644 γὰρ
604 2594 709 2635 αὖθις
735 2595 823 2643 ἐξῆν
845 2594 973 2634 αὐτοῖς
1004 2595 1055 2635 εἷς
1086 2594 1330 2644 δικαστήριον
1350 2596 1437 2646 περὶ
1467 2598 1533 2644 τῆς
1562 2595 1772 2635 πολιτείας·

276 2651 337 2690 καὶ
360 2652 392 2690 εἰ
411 2651 484 2699 μὲν
506 2649 697 2696 ἑάλωσαν,
717 2651 938 2689 ἐπωλοῦντο
960 2650 1007 2690 ὡς
1029 2649 1143 2698 ξένοι,
1167 2652 1200 2690 εἰ
1220 2652 1260 2690 δὲ
1281 2650 1343 2700 μὴ,
1368 2652 1580 2690 ἐπανίεσαν
1602 2652 1655 2691 εἰς
1675 2650 1773 2697 τοὺς,

275 2708 315 2756 ἐξ
337 2708 389 2745 ὧν
411 2706 651 2755 ἐξώσθησαν,
676 2705 814 2754 δήμους
826 2705 857 2744 b.
915 2705 1037 2744 Adde
1057 2705 1195 2745 Vales.
1217 2706 1270 2746 ad
1294 2706 1499 2759 Hal-poor.
1521 2721 1560 2759 p.
1581 2718 1645 2753 20,
1666 2719 1772 2757 243„

274 2761 532 2815 potissimum
553 2776 649 2801 vero
673 2761 880 2801 Maussao.
902 2761 956 2801 ad
986 2776 1024 2814 p.
1048 2774 1114 2814 43.
1140 2762 1392 2816 Harpocrat.
1415 2767 1458 2802 et
1488 2762 1701 2802 Budaeum
1732 2775 1772 2814 p.

319 2913 334 2930 a
362 2906 397 2934 11.
417 2905 564 2944 ἐφίεσθαι.
593 2906 776 2935 SCHAEF.

318 2948 334 2967 ’ὰ
359 2949 441 2978 Add.
462 2948 580 2978 Anecd.
602 2949 702 2979 Bekk.
721 2960 749 2987 p.
769 2948 837 2984 186,
858 2955 884 2986 7.
906 2956 1036 2987 201,17.
1057 2958 1129 2989 439.
1148 2956 1177 2979 et
1195 2949 1308 2978 Zonar.
1327 2959 1353 2987 p.
1375 2955 1443 2985 273.
1474 2946 1658 2977 SCHAEF.
