1935 3200
289 124 399 166 1136
783 123 898 165 PRO
934 123 1319 164 PHORMIONE.

285 231 405 272 aliud
432 244 552 285 quam
582 230 650 271 Ιιοο
680 230 830 284 ipsum)
863 235 1009 283 oportet
1041 229 1267 269 emstimare
1298 228 1415 269 illum
1446 242 1558 282 ocyore
1588 243 1705 277 mmo,
1739 230 1808 283 qui

284 301 434 341 semper
454 293 658 340 quaestam
678 300 697 326 e
720 286 934 325 calumniis
953 286 1147 326 emarcuit
1142 287 1161 317 9
1193 284 1336 326 Facile
1357 284 1672 326 subaudiatur
1652 304 1675 335 η
1697 289 1807 326 τοῦτο

285 348 362 384 aut
384 345 417 383 εἰ
437 361 488 393 μη
511 347 634 382 τοῦτο.
671 342 873 381 REISK.

344 401 443 454 961,
467 400 528 439 16.
550 396 708 451 τοῦτον]
733 398 801 451 Ap
805 397 1048 437 ollodorum.
1081 396 1335 437 SOHAEF.

343 458 438 509 961,
472 467 537 495 20.
571 454 882 508 ΜΑΡΤΎῬΙΑΙ]
922 453 1016 493 Νο11
1043 453 1162 493 video
1191 467 1319 507 quare
1347 453 1389 492 hi
1417 458 1548 494 testes
1576 454 1808 507 producan-

284 516 486 564 tu1‚qua
523 511 574 550 de
609 525 654 550 re
687 510 902 550 testaturi.
964 509 1060 549 Non
1093 509 1202 549 enim
1234 509 1285 549 de
1316 509 1562 562 Apollodmi
1593 515 1809 550 testantur

285 567 584 621 improbitate:
623 581 720 607 nam
752 566 804 606 de
837 581 886 606 ea
918 570 1135 606 testantur
1165 565 1418 614 testimonia,
1452 581 1557 619 quae
1590 581 1626 606 v.
1652 579 1716 606 22.
1743 567 1807 620 ju-

285 625 438 664 bentur
464 622 647 663 recitari.
711 622 856 677 Neque
884 622 936 662 de
956 621 1171 675 probitate
1195 621 1472 670 Phormionis,
1496 623 1612 675 cujus
1640 623 1807 662 demon-

285 680 485 720 strandae
525 693 625 733 ergo
660 693 696 718 v.
733 691 798 729 24.
838 677 1080 718 testimonia
1120 679 1401 731 proferuntur.
1468 678 1601 732 Atqui
1638 684 1808 732 praeter

285 736 387 776 haec
414 736 497 775 duo
525 735 582 774 nil
610 734 724 775 aliud
751 734 1005 788 promiserat
1033 739 1178 774 orator
1206 734 1456 774 testimoniis
1483 735 1806 788 patefacturum.

287 792 484 832 REISK.
545 791 670 831 Vere.
714 791 866 844 Itaque
887 790 1086 830 delendus
1108 790 1147 830 11.
1171 790 1195 830 1.
1218 789 1378 830 titulus.
1413 790 1664 831 SOHAEF.

344 851 439 901 961,
466 860 531 887 21.
547 846 641 901 Ἴθι]
670 847 797 901 Vulg.
815 846 933 886 Ἴσθι.
982 849 1035 886 ἴθι
1057 846 1110 886 A.
1175 846 1224 885 In
1247 846 1450 886 Bavarico
1473 846 1693 887 videbatur
1717 862 1807 888 esse

286 906 386 944 ἴσθε.
451 903 623 945 Gorrexi
650 903 726 943 Ἴθι
757 903 811 943 ab
845 903 932 953 εἶμι,
964 916 1048 942 11011
1078 902 1133 942 ab
1164 904 1284 952 ’ίσημι.
1324 903 1520 943 REISK.
1584 903 1718 943 Locus
1749 903 1807 943 sic

285 960 469 1001 nondum
505 964 758 1013 persanatus
792 963 883 999 est:
922 972 1021 999 nam
1056 963 1100 998 et
1135 960 1196 998 καὶ
1228 958 1400 999 additur
1434 959 1581 999 vitiose
1614 964 1657 1000 et
1689 960 1808 1000 deest

285 1015 569 1070 imperativus,
602 1015 672 1069 qui
703 1019 946 1069 sequentem
978 1014 1262 1055 accusativum
1298 1019 1430 1068 regat.
1492 1015 1655 1055 Vellem
1686 1016 1808 1057 daret

286 1073 417 1112 codex
434 1071 510 1111 ’Ίθι
533 1072 577 1122 δὴ
598 1072 694 1124 λέγε
715 1074 841 1113 τὰς-
861 1075 935 1111 aut
956 1070 1071 1111 aliud
1094 1070 1193 1124 quid
1215 1071 1400 1124 ejusdem
1426 1071 1672 1112 sententiae.
1734 1072 1806 1112 Sin

285 1133 329 1169 te
359 1128 546 1168 offendat
576 1127 671 1179 πρὸς
696 1127 1017 1178 Ἀπολλόδωρον,
1042 1127 1153 1180 quod
1181 1141 1280 1167 sane
1311 1127 1478 1167 videtur
1504 1128 1697 1176 insolens,
1726 1128 1807 1169 for-

285 1189 399 1225 tasse
429 1183 592 1224 veniam
621 1183 740 1224 dabis
767 1183 968 1224 audacius
997 1183 1054 1222 sic
1084 1182 1311 1223 scribenti:
1339 1182 1415 1224 Ἴθι
1447 1185 1491 1234 δὴ
1522 1185 1616 1236 πρὸς
1645 1188 1713 1227 τὰς
1743 1188 1808 1235 τῆς

284 1240 590 1292 Ἀπολλοδώρου
611 1241 811 1291 πονηρίας.
845 1239 1098 1279 SCHAEF.

343 1298 440 1350 962,
474 1297 511 1336 8.
553 1296 789 1348 ἐπιτρέψητε
829 1295 1067 1349 ἀνατρέψαι]
1113 1295 1258 1336 Verba
1298 1295 1475 1336 fortuito
1516 1295 1804 1337 consonantia.

289 1352 543 1394 SGHAEF.

342 1411 437 1461 962,
466 1418 528 1463 15.
559 1408 673 1448 ἕνεκα
701 1410 770 1447 τοῦ
797 1410 1099 1449 λυσιτελοῦντος
1128 1408 1182 1449 εἰς
1207 1407 1402 1462 χρήματα]
1434 1408 1487 1449 Ut
1507 1407 1583 1449 sibi
1599 1409 1732 1462 prosit
1751 1408 1809 1449 ad

274 1465 497 1519 facultates
517 1463 733 1517 azsoendas.
768 1463 964 1504 SOHAE
971 1463 1019 1503 F.

343 1524 437 1576 962,
467 1521 527 1561 18.
554 1521 691 1574 τούτῳ]
720 1520 990 1573 Apollodoro.
1024 1520 1228 1560 REISK.

343 1575 1215 1632 962,20.τούτῳ]Ρ11011111011ἰ.11ΕΙ5Κ.

343 1636 480 1687 962⁶
464 1646 526 1674 ..2.
559 1634 683 1683 λόγου
714 1650 775 1672 και
806 1631 1090 1684 συκοφαιτιας]
1120 1632 1182 1671 καὶ
1210 1632 1331 1671 abest
1358 1632 1411 1672 ab
1440 1632 1624 1685 August.
1654 1634 1802 1687 primo.

286 1690 376 1729 Aut
404 1689 632 1729 tollendum
661 1694 725 1728 est
755 1690 827 1736 καὶ,
851 1692 926 1727 aut
953 1687 1174 1741 legendum
1201 1688 1345 1739 λόγους
1373 1705 1434 1727 και
1464 1691 1739 1739 συκοφαντιας,
1762 1690 1805 1729 ἱ(1

286 1745 397 1799 quod
418 1745 569 1785 malim.
605 1745 808 1784 REISK.
856 1743 999 1783 Possis
1021 1743 1149 1783 etiam
1170 1745 1294 1795 λόγοι
1317 1744 1378 1783 καὶ
1400 1745 1682 1794 συκοφαντίαν,
1706 1761 1805 1799 quo-

286 1802 410 1841 modo
432 1801 497 1840 hic
518 1801 632 1841 locus
654 1800 811 1840 citatur
833 1800 924 1839 Iud.
949 1799 1181 1839 Graecitat
1203 1813 1234 1839 s.
1257 1814 1294 1839 v.
1316 1801 1448 1851 λόγος.
1483 1800 1734 1842 SOHAEF.

344 1859 442 1911 962,
467 1871 530 1907 24.
563 1856 627 1910 ῆς]
666 1856 752 1896 Alii
783 1855 877 1896 lib1i
908 1858 968 1905 ἥν,
997 1855 1132 1895 male:
1170 1855 1320 1895 scitius
1350 1855 1460 1895 enim
1490 1857 1671 1897 attlahit
1700 1858 1806 1908 πλὴν

287 1928 412 1967 quam
431 1889 481 1954 'ut
502 1913 625 1953 cedat
647 1911 949 1953 constructioni
972 1911 1086 1951 veibi
1110 1912 1322 1961 δείκνυμεν.
1356 1912 1422 1981 SQ
1427 1912 1611 1952 HAEF.

344 1971 438 2023 962,
466 1972 527 2010 2.6
558 1968 759 2022 ἁπάντωι]
786 1968 891 2008 Post
919 1968 959 2007 h.
981 1982 1018 2008 v.
1041 1967 1205 2007 videtur
1233 1966 1422 2007 deesse
1403 1986 1425 2018 η
1455 1969 1505 2010 ὡς
1534 1969 1602 2008 οὐκ
1631 1970 1805 2020 ἐνέμεινε

286 2027 468 2076 Φορμίων
504 2026 663 2065 ἅπασιν.
707 2031 778 2064 aut
811 2039 849 2064 se
880 2038 957 2064 77077
992 2023 1175 2064 ubsola-sis
1163 2038 1197 2063 se
1228 2023 1511 2064 Phormionem
1545 2023 1594 2063 ab
1629 2025 1806 2067 omnibus

286 2080 520 2121 σνῖιιιιιιίὂιιε
546 2095 612 2120 seu
639 2079 962 2127 incusationibus,
989 2085 1059 2119 aut
1080 2079 1363 2119 ΡΙιοιιηίοιιθηι
1391 2094 1489 2120 rsece
1481 2094 1583 2120 sesso
1610 2096 1636 2121 a
1654 2083 1803 2134 pactis,

286 2151 385 2190 quae
414 2151 519 2176 soce)
542 2136 781 2190 Apolloclon'
811 2151 893 2175 cem
881 2137 955 2175 3ιιι”τ
985 2149 1115 2188 aequa
1145 2149 1219 2174 esso
1248 2142 1283 2175 ct
1312 2136 1395 2189 ipse
1415 2136 1681 2189 Apolloclmus
1712 2146 1804 2180 rata

286 2192 437 2232 habuit.
472 2193 672 2231 REISK.
735 2191 848 2230 Nihil
879 2192 1009 2231 deest.
1049 2193 1073 2231 ἂ
1111 2192 1224 2242 ἔγιω,
1257 2205 1357 2245 quae
1389 2192 1636 2246 disceptarit.
1700 2194 1805 2235 Rem

288 2249 380 2289 vide
407 2263 446 2302 p.
470 2262 564 2302 949,
587 2261 627 2301 5.
663 2247 912 2288 SCHAEF.
