1925 3215
603 122 660 156 IN
695 121 950 156 DEMOSTH
962 120 1034 155 EN
1044 120 1131 155 EM.

166 230 263 263 1353,
287 232 337 262 14.
376 227 408 253 et
444 220 496 253 26.
541 219 718 264 quomodo
760 232 839 252 cuin

164 266 296 299 Neaera
318 266 608 299 consuetudinem
632 266 841 298 contraxerit

168 322 266 356 1357,
286 322 321 356 17
343 324 369 345 s<
388 339 393 344 .

117 357 276 396 Strabax,
301 358 343 390 ab
369 325 540 401 lphicrate
563 355 840 394 commendatus,

161 403 245 436 civis
264 403 301 436 fit
319 404 398 444 482,
420 414 474 445 25.
502 402 638 435 videtur
658 401 840 445 Iphicratis

162 449 196 481 in
225 449 314 482 bello
346 448 569 482 Corinthiaco
599 448 757 480 minister
787 447 840 480 su—

162 495 254 528 isse:
293 495 492 527 nominatur
530 494 622 527 enim
656 494 678 526 1.
709 492 742 525 d.
772 504 841 526 una

162 551 242 573 cum
261 540 468 585 Polystrato,
487 539 529 573 de
549 551 618 584 quo
637 551 667 572 v.
687 538 743 580 46,
765 550 818 572 20.

117 586 359 619 Strammenus
378 586 531 629 Argivus
554 585 652 628 1238,
674 595 728 628 29.

117 632 279 671 Stratius,
300 632 418 664 Buseli
443 631 546 669 filius,
571 630 718 664 Oeensis
742 640 840 674 1055,

165 687 218 721 25.
244 683 276 710 et
294 677 468 720 deinceps,

118 723 245 761 Strato,
273 723 471 762 Phalereus,
499 734 518 755 a
545 721 655 754 Midia
683 733 842 765 pessum-

163 768 277 807 datus,
307 768 342 801 in
373 780 476 812 quem
511 779 573 811 pro
605 767 842 800 Demosthene

163 814 298 847 tulisset
320 814 525 847 sententiam
543 813 669 846 arbiter
688 813 841 846 delectus

163 870 243 902 541,
263 869 300 903 17
325 872 376 903 sq.

119 904 246 943 Strato,
265 917 282 938 e
299 910 402 949 gente
422 903 667 938 Buselidarum
692 903 790 945 1064,
808 904 841 936 6.

119 950 317 989 Stratocles,
347 962 451 995 quem
485 956 600 983 orator
628 962 663 993 p.
683 952 761 994 980,
787 960 841 983 21.

163 995 340 1029 hominem
364 996 513 1039 appellat
536 995 791 1040 nequissimum
811 1001 843 1028 et

164 1041 329 1075 artificem
371 1041 634 1074 callidissimum
676 1041 842 1074 orationis

164 1087 208 1120 ad
229 1087 481 1131 imponendum
505 1086 710 1130 plausibilis.

119 1132 270 1166 Stratola
286 1133 447 1166 meretrix
471 1143 569 1176 1351,
590 1143 641 1173 14.

121 1178 269 1225 Stryma.
297 1178 339 1212 de
357 1190 395 1212 ea
418 1178 675 1211 contendebant
698 1178 787 1211 inter
809 1189 844 1210 se

164 1224 282 1258 Thasii
307 1231 339 1258 et
358 1224 551 1257 Maronitae
574 1223 649 1268 163,
669 1224 720 1257 18.
744 1234 843 1267 1213,

170 1281 221 1313 19.

120 1315 383 1360 Strymodorus,
426 1316 460 1348 in
503 1315 638 1359 Aegina
679 1315 845 1358 trapezita

167 1370 246 1405 953³
270 1372 331 1412 193

122 1407 234 1451 Styra,
253 1406 422 1450 oppidum
443 1406 603 1440 Euboeae
621 1405 699 1447 568,
720 1417 770 1447 14.
789 1414 843 1447 25.

122 1452 283 1491 Sunium,
311 1452 478 1496 oppidum
505 1458 538 1485 et
565 1451 843 1496 promontorium

168 1499 323 1531 Atticum
343 1500 421 1541 238,
440 1509 491 1541 19.

121 1544 340 1588 Syracusana
357 1543 551 1587 respublica
570 1542 669 1576 docet
693 1542 845 1575 subitam

167 1590 327 1622 fortunae
360 1589 668 1622 commutationem
704 1600 757 1622 res
792 1600 844 1621 se-

167 1635 299 1668 cundas
327 1634 479 1668 adversis
510 1634 739 1678 permutantis
765 1633 845 1677 506,

172 1682 224 1714 18.

123 1726 244 1770 Syrus,
263 1737 390 1759 nomen
410 1726 532 1759 servile
554 1735 652 1770 1127,
673 1735 727 1769 25.

119 1772 277 1816 Tamyna
300 1778 359 1805 aut
375 1772 563 1816 Tamynae,
581 1771 750 1815 oppidum
774 1771 846 1804 Eu-

167 1817 285 1857 boeae,
311 1817 406 1862 quod
435 1817 607 1861 praesidio
636 1816 764 1850 Athen.
794 1817 846 1849 in-

168 1875 305 1896 sessum
355 1863 398 1896 ab
448 1862 621 1901 hostibus,
670 1861 846 1895 Thebanis

168 1915 263 1952 puta,
297 1914 373 1942 tum
414 1908 579 1951 temporis
613 1907 721 1940 ferme
754 1907 846 1940 obsi-

170 1954 326 1993 debatur,
346 1965 456 1998 quum
483 1953 610 1986 Midias
637 1952 846 1986 Demosthe-

170 2011 250 2032 nem
281 1999 473 2032 verberaret
500 1999 547 2040 (v.
568 1999 696 2042 scripta
721 1998 786 2031 sub
813 2009 845 2031 v.

172 2045 382 2087 Clitarchus)
414 2044 492 2088 567,
513 2055 543 2077 2.
571 2056 650 2089 999,
668 2044 701 2077 8.
732 2055 800 2087 quo
830 2055 847 2076 e

169 2092 245 2124 loco
269 2090 484 2134 intelligitur,
511 2101 579 2134 qua
608 2089 689 2122 anni
716 2094 846 2131 tempe-

170 2142 257 2169 state
294 2141 455 2179 suscepta
491 2135 535 2169 sit
571 2135 629 2168 illa
662 2133 847 2177 expeditio,

169 2181 335 2214 nimirum
380 2192 489 2226 quum
539 2179 654 2214 Cho'els
701 2179 847 2212 Athenis

171 2232 366 2270 agerentur,
402 2227 461 2270 qui
501 2225 575 2259 ludi
615 2226 651 2258 in
691 2236 847 2258 mensem

170 2271 473 2305 Anthesterionem
500 2270 709 2309 incidebant,
728 2276 848 2303 nostro

172 2317 366 2351 Novembri
417 2316 685 2360 respondentem
703 2330 713 2356 ;
766 2316 849 2348 item

172 2374 241 2407 quo
287 2369 442 2406 tempore
493 2362 672 2406 Dionysia,
715 2361 850 2394 Lenaea

173 2413 268 2451 puta,
301 2408 505 2451 agebantur.
550 2407 682 2440 Barton
716 2418 748 2450 p.
772 2417 847 2450 191.

173 2453 227 2531 adf
249 2464 381 2486 annum
414 2458 577 2497 quartum
607 2452 749 2496 Olymp.
773 2462 848 2496 109.

175 2510 209 2531 re
227 2504 288 2531 ert.

126 2544 298 2587 Tanagra,
316 2542 482 2586 oppidum
504 2542 663 2575 Boeotiae
682 2543 760 2583 258,
782 2551 811 2586 7.

126 2590 317 2622 Tarentum
339 2588 440 2621 bonis
462 2587 599 2631 legibus
621 2593 784 2621 ornatum
807 2587 850 2620 ab

176 2633 329 2678 Archyta
345 2633 411 2666 fuit
432 2643 530 2676 1415,
551 2644 582 2677 9.

127 2680 280 2712 Taureas
302 2678 492 2722 choregum
516 2689 622 2722 agens
644 2678 783 2721 vapulat
809 2677 851 2710 ab

176 2723 354 2757 Alcibiade
373 2723 451 2765 562,
472 2723 504 2756 8.

128 2770 293 2809 Taureas,
329 2768 557 2802 Demostheni
597 2768 759 2812 aequalis,
794 2768 853 2812 qui

177 2826 247 2848 una
275 2825 356 2847 cum
382 2814 557 2847 Moerocle
585 2819 617 2846 et
648 2813 792 2846 Pataeco
818 2813 854 2845 in

178 2859 372 2893 custodiam
423 2859 548 2892 dicitur
593 2859 701 2891 fuisse
753 2857 854 2891 datus

182 2905 281 2949 1478,
304 2905 356 2938 18.

1519 117 1616 157 1497

894 218 1115 255 'l'clcdainus,
1131 218 1293 258 Argivus,
1309 216 1462 259 proditor
1474 226 1553 258 324,
1569 227 1617 248 10.

894 264 1114 300 'solede-inim,
1135 263 1274 295 (lconis
1295 263 1384 295 filius·
1405 272 1481 305 273,
1501 262 1532 294 6.

894 310 1122 342 'l'eleinachus
1175 320 1334 341 caussam
1388 308 1618 350 pccuniariaxn

941 355 1011 396 agit
1042 355 1076 387 in
1110 355 1355 387 l'antacnetum
1383 354 1460 396 963.
1492 365 1566 395 arg.
1591 364 1618 385 1.

941 400 1019 444 9⁶7,
1041 411 1094 441 24-

893 446 1101 489 'l'elephanis
1143 445 1293 478 tibicinis
1333 445 1545 487 praeclarum
1578 443 1620 476 de

944 491 1180 525 Demosthene
1200 491 1360 523 meritum
1379 500 1457 530 520,
1477 502 1507 533 9.

893 537 1084 580 Telesippe,
1127 548 1215 569 uxor
1259 535 1414 568 secunda
1457 535 1619 579 Philagri,

941 590 1050 616 mater
1070 582 1263 615 Menesthei
1289 581 1385 622 1064,
1406 591 1455 624 15.

894 628 1068 662 Tenedus
1096 628 1228 669 rogatio
1260 626 1530 660 Automedontis
1562 638 1619 659 su-

942 686 1001 718 per
1018 674 1180 707 'l'enediis
1205 684 1302 717 1333,
1324 684 1372 715 13.

894 720 1012 753 Tenus
1038 720 1081 753 ab
1108 719 1307 752 Alexandro
1337 718 1487 751 Pheraeo
1516 729 1619 750 occu-

942 772 1020 809 pata
1044 776 1141 809 1207,
1162 776 1212 809 17.

895 811 1116 850 Tercentum,
1152 813 1181 843 οἱ
1219 811 1417 854 τριακόσιοι,
1459 808 1621 842 ditissimi

943 857 1090 890 Athenis
1110 856 1164 895 26,
1185 866 1239 897 25.
1272 856 1399 888 Decem
1419 861 1516 887 erant
1534 869 1620 896 συμ-

941 903 1066 946 μορίαι,
1093 907 1292 935 constantes
1319 901 1398 933 viris
1426 911 1522 933 1200.
1559 900 1622 933 Di-

943 947 1151 981 videbantur
1169 947 1203 979 hi
1226 947 1260 979 in
1283 947 1369 979 (luas
1392 957 1517 990 aequas
1542 957 1621 988 por-

943 994 1066 1033 tiones,
1107 992 1172 1025 hoc
1215 999 1266 1025 est
1307 998 1487 1024 sexcentos
1529 992 1621 1024 viros

944 1050 1094 1084 quorum
1128 1050 1249 1071 rursus
1280 1037 1422 1070 dimidia
1453 1048 1530 1080 pars
1561 1048 1623 1069 seu

943 1095 1012 1128 300
1045 1084 1224 1117 annuatim
1258 1083 1386 1116 muniis
1428 1082 1620 1115 sumtuosis

944 1130 1192 1174 fungebantur.
1223 1129 1275 1162 Ita
1293 1129 1382 1162 vices
1402 1128 1622 1161 functionum

943 1176 986 1209 ad
1026 1177 1233 1219 locupletem
1268 1185 1441 1219 quemque
1475 1173 1622 1217 singulis

945 1222 1180 1266 quadrienniis
1214 1220 1360 1253 evolutis
1394 1218 1564 1259 redibant,
1596 1219 1624 1252 si

944 1279 1024 1300 vera
1041 1266 1183 1300 tradidit
1202 1266 1403 1299 scholiastes
1422 1264 1456 1298 d.
1474 1266 1496 1298 l.

896 1313 1014 1352 Teres,
1043 1313 1172 1352 Thrax,
1204 1312 1337 1345 civitate
1368 1311 1481 1344 Attica
1515 1310 1621 1343 dona-

944 1364 1013 1398 tus,
1032 1370 1051 1391 a
1076 1358 1236 1401 Philippo
1259 1357 1451 1399 exagitatus
1476 1355 1550 1395 160,
1570 1367 1622 1400 19.

897 1405 1014 1443 TereS,
1048 1404 1152 1437 frater
1195 1403 1391 1441 Pandionis,
1426 1402 1569 1445 punitus
1604 1413 1623 1434 a

947 1450 1078 1483 Procne
1100 1456 1132 1482 et
1152 1449 1342 1482 Philomela
1364 1458 1462 1492 1397,
1482 1448 1544 1480 1111.

897 1495 1090 1534 Tharrhex,
1102 1495 1144 1528 ab
1156 1494 1296 1528 Eubulo
1308 1500 1490 1527 accusatus
1501 1504 1580 1534 401,
1594 1504 1622 1526 1.

897 1541 1107 1574 Thasiorum
1141 1540 1312 1585 quosdam
1345 1539 1524 1582 Philippus
1558 1538 1623 1571 sibi

946 1586 1080 1620 deditos
1107 1586 1149 1619 ab
1173 1586 1292 1618 exsilio
1320 1584 1464 1618 domum
1491 1583 1625 1617 reducit

946 1634 1001 1671 80,
1024 1643 1077 1665 12.
1110 1631 1229 1665 Thasii
1247 1630 1467 1674 receptabant
1488 1630 1624 1674 Byzan-

944 1679 1072 1711 tiorum
1102 1678 1229 1721 piratas
1254 1688 1330 1720 159,
1349 1676 1381 1708 6.
1415 1675 1561 1708 Thasios
1591 1681 1624 1708 et

947 1723 1140 1756 Maronitas
1183 1722 1224 1755 de
1267 1722 1407 1766 Stryma
1451 1721 1624 1764 litigantes

946 1769 1118 1813 cogebant
1166 1768 1294 1800 Athen.
1340 1768 1434 1800 litem
1483 1766 1624 1800 arbitrio

946 1814 1142 1857 permittere
1165 1813 1239 1856 163,
1261 1823 1312 1856 17.

898 1859 1049 1897 Thasus,
1077 1859 1191 1892 insula
1220 1870 1326 1902 prope
1355 1857 1537 1890 Thraciam
1567 1868 1624 1901 49,

947 1916 979 1949 3.
1020 1904 1229 1948 praesidium
1272 1903 1473 1936 Lacedaem.
1507 1902 1625 1935 Thaso

946 1951 1079 1994 ejicitur
1104 1961 1209 1993 opera
1232 1948 1403 1992 Ecphanti
1426 1955 1458 1981 et
1483 1959 1624 1981 consor-

947 1997 1047 2034 tium,
1073 2002 1106 2028 et
1128 1995 1242 2028 insula
1259 1993 1532 2027 Atheniensibus
1555 2000 1624 2026 tra-

948 2041 1052 2080 ditur,
1086 2052 1156 2085 quo
1196 2041 1286 2073 facto
1327 2039 1362 2072 hi
1403 2051 1474 2072 non
1515 2050 1626 2082 pauca

946 2086 1111 2119 Thraciae
1137 2085 1378 2129 adipiscuntur
1395 2095 1436 2128 47
1466 2110 1473 2123 ,
1494 2095 1548 2128 27.
1575 2085 1624 2117 vi-

947 2144 1032 2165 num
1051 2131 1131 2164 inde
1148 2132 1184 2164 in
1205 2131 1357 2164 Pontum
1377 2130 1626 2174 exportabatur

949 2189 1028 2222 9352
1048 2189 1080 2221 9-

899 2222 1049 2256 Thebae.
1095 2222 1235 2265 Septem
1268 2221 1311 2254 ad
1344 2221 1482 2254 Thebas
1518 2220 1624 2254 duces

949 2267 1063 2301 Creon
1080 2267 1218 2301 humari
1236 2266 1373 2300 vetabat
1394 2277 1493 2310 1391,
1512 2267 1563 2299 18.

900 2313 1057 2347 Thebani
1083 2324 1253 2358 quaenam
1278 2312 1314 2345 in
1340 2312 1429 2345 bello
1455 2311 1626 2344 Phocensi

949 2359 1150 2402 Philippum
1172 2357 1381 2401 postularint
1407 2363 1439 2390 et
1464 2357 1626 2400 impetra-

948 2405 1018 2437 rint
1036 2404 1091 2443 62,
1110 2415 1162 2436 12.
1185 2415 1204 2436 a
1221 2403 1378 2436 Timolao
1398 2408 1480 2435 sunt
1498 2401 1626 2445 proditi

951 2461 1028 2491 241,
1073 2449 1127 2482 26.
1174 2448 1422 2481 Thebanorum
1465 2447 1627 2479 facientes

950 2507 1029 2528 cum
1062 2494 1221 2537 Philippo
1255 2504 1334 2536 324,
1357 2503 1408 2535 15.
1443 2492 1486 2524 ab
1518 2491 1626 2524 Athe-

950 2540 1129 2573 niensibus
1149 2539 1369 2582 expelluntur
1386 2537 1529 2569 Euboea
1546 2547 1626 2580 597,

952 2596 1006 2619 20.
1034 2585 1146 2623 dolus,
1167 2595 1235 2627 quo
1256 2583 1408 2615 Plataeas
1429 2582 1626 2625 captabant,

951 2642 1031 2663 cum
1061 2630 1217 2672 ipsorum
1251 2626 1346 2660 clade
1375 2627 1493 2659 elusus
1528 2628 1626 2670 1378,

953 2686 991 2708 21
1016 2687 1066 2718 sq.
1093 2674 1310 2717 appellantur
1330 2671 1537 2714 ἀναίσθητοι,
1559 2679 1627 2704 tar-

952 2720 998 2759 di,
1018 2720 1141 2757 scaevi,
1159 2718 1342 2751 illiberales
1361 2716 1416 2755 61,
1436 2728 1464 2749 1.
1486 2728 1628 2750 caussae

952 2765 1020 2798 odii
1038 2764 1166 2797 Athen.
1186 2763 1351 2796 adversus
1376 2773 1434 2795 eos
1453 2772 1532 2805 231,
1550 2773 1582 2805 3.
1610 2774 1629 2795 a

953 2810 1095 2843 victoria
1127 2808 1304 2842 Leuctrica
1338 2807 1628 2840 Lacedaemonios

954 2855 1180 2898 exstirpatum
1204 2861 1236 2886 et
1261 2852 1441 2886 Euboeam
1467 2852 1531 2885 sibi
1554 2853 1629 2885 vin-

957 2900 1108 2933 dicatum
1141 2899 1248 2938 ibant,
1283 2897 1342 2931 sed
1372 2897 1629 2930 intercedebant
