1935 3200
306 136 416 175 1212
657 131 978 172 ADVERSUS
1014 129 1459 171 MAGARTATUM.

307 239 485 279 foemina
505 238 596 286 fuit,
614 242 755 278 tamen
771 242 819 277 ut
840 237 943 276 duas
969 235 1152 276 diversas
1180 234 1366 288 cogitare
1395 232 1591 287 potuerit.
1651 231 1813 285 Reapse

307 299 449 335 autem
465 294 670 347 cogitasse
692 293 842 333 docent
857 307 963 345 quae
987 291 1131 332 statim
1153 294 1382 343 sequuntur
1398 290 1523 330 verba
1543 287 1703 328 numeri
1724 288 1813 341 plu-

307 351 418 390 ralis.
455 350 712 390 SCHAEF.

370 418 443 456 107
454 417 488 455 2,
510 419 549 457 4.
573 408 725 445 οἴεσθαι
746 404 846 458 δεῖν]
872 405 990 444 Haec
1012 404 1137 443 verba
1158 403 1296 443 omitti
1316 406 1527 456 poterant,
1551 414 1677 454 quum
1699 413 1816 454 prae-

309 462 431 501 cedat
453 463 502 503 ὡς
523 462 597 512 ἄρα
617 465 698 501 δεῖς
733 461 805 500 sed
826 459 989 500 addidit
1011 459 1206 512 quoniam
1226 458 1294 498 illa
1314 458 1475 512 longius
1495 461 1657 497 remota
1677 460 1788 495 sunt.

370 528 490 570 1072,
514 531 574 569 19.
606 517 890 571 Ἀμφιόνεσσι]
930 516 1192 555 Vocabulum
1227 519 1481 567 corruptum,
1517 514 1570 553 ab
1606 511 1816 552 Feliciano

308 573 483 613 ulterius
516 573 791 626 depravatum
824 572 867 611 in
898 571 1243 622 Ἀμφικτυόνεσσι,
1278 569 1461 610 correxit
1488 568 1665 609 Boorius
1696 567 1816 607 resti-

308 634 403 670 tuto
426 630 524 680 ἀμφὶ
549 629 698 679 ὀνήσει,
725 628 874 668 auxilii
902 642 1051 671 caussa.
1080 641 1156 680 pro
1178 641 1258 680 quo
1279 627 1366 678 περὶ
1392 627 1539 677 ὑγιείας
1569 624 1727 664 dictum
1752 626 1817 663 est

308 685 350 724 in
379 685 545 725 oraculo
572 700 610 739 p.
632 696 728 739 531,
754 696 790 737 7.
845 684 952 723 Tum
980 683 1129 723 vitiosa
1156 682 1401 736 corrigenda
1428 679 1709 734 interpunctio
1737 682 1817 727 est,

308 756 374 781 me
395 741 525 781 invito
546 741 703 789 relicta,
727 741 799 780 sed
819 740 979 794 pridem
1000 740 1054 779 ab
1075 739 1166 779 aliis
1188 743 1386 778 correcta.
1449 737 1564 777 Nam
1593 740 1690 790 post
1718 736 1817 786 ἀμφὶ

310 798 444 848 ὀνήσει
466 797 855 851 interpungendum,
885 795 1075 850 proxima
1096 799 1237 835 autem
1258 795 1345 845 περὶ
1365 795 1483 846 τύχας
1504 794 1653 844 ἀγαθᾶς
1671 791 1817 831 Ἀπόλ-

310 859 408 894 λωνι
430 858 507 893 etc.
530 853 828 907 conjungenda,
851 857 899 892 ut
920 856 1097 906 apparet
1119 866 1169 891 ex
1190 851 1355 891 oraculo
1378 848 1498 889 simili
1520 864 1558 902 p.
1575 861 1673 902 531,
1693 848 1730 887 8.

371 922 491 962 1072,
512 922 576 962 25.
608 911 651 949 οὗ
675 911 866 958 ἐπώνυμοι
889 908 998 962 ἐστὲ]
1024 909 1126 952 ἐστὲ,
1149 922 1221 947 VOS
1241 905 1534 954 Athenienses,
1557 906 1652 944 κατὰ
1672 903 1816 954 φυλήν.

313 966 601 1019 Unaquaeque
628 965 762 1005 tribus
791 980 841 1005 ex
869 965 1005 1011 heroe,
1032 968 1203 1003 auctore
1236 967 1278 1003 et
1306 961 1491 1016 principe
1519 975 1606 1009 suo,
1638 958 1818 1013 appella-

309 1022 447 1061 batur.
484 1022 685 1061 REISK.
744 1021 857 1060 Bene
880 1020 1089 1060 Reiskius.
1155 1019 1310 1058 Mirum
1331 1032 1427 1058 vero
1447 1016 1573 1057 fuerit
1593 1019 1817 1064 ostentum,

311 1078 422 1131 quod
444 1092 525 1117 nen
547 1092 688 1117 omnes
709 1077 843 1117 tribus
865 1076 1055 1116 viderint.
1093 1075 1351 1115 SCHAEF.

370 1132 853 1186 ὃωροτελεῖν-ἁγημένα]
891 1136 1135 1183 δωροτελεῖν,
1172 1132 1232 1171 καὶ
1266 1133 1314 1170 τὰ
1353 1129 1495 1181 πάτρια
1534 1133 1615 1170 τοῖς
1654 1129 1820 1179 ἀποφθι-

311 1189 442 1239 μένοις
483 1191 742 1242 ἐνιχναύμενα
781 1191 1051 1239 ἑιμεραιτελεῖν
1097 1188 1182 1228 τοὺς
1222 1186 1461 1236 ποθήκοντας
1507 1187 1601 1224 κατὰ
1640 1186 1688 1223 τὰ
1727 1186 1820 1234 ἁγη-

310 1245 422 1296 μένα.
488 1245 611 1285 Posui
652 1249 790 1285 totum
822 1245 968 1291 locum7
1004 1248 1052 1283 ut
1091 1243 1237 1283 vitiose
1277 1241 1568 1283 circumfertur
1607 1240 1650 1279 111
1689 1239 1819 1279 libris.

312 1301 490 1355 Reliqua
512 1301 724 1341 emendavi
746 1305 912 1355 praeter
932 1305 1156 1353 postrema,
1181 1313 1286 1352 quae
1317 1298 1501 1338 nondum
1525 1295 1721 1350 expedire
1749 1309 1819 1349 po-

311 1357 385 1398 tui.
429 1362 661 1409 δωροτελεῖν
683 1360 800 1397 καττὰ
821 1357 961 1407 πάτρια
982 1360 1060 1398 τοῖς
1081 1355 1361 1406 ἀποφθιμένοις
1393 1355 1435 1394 ἐν
1461 1352 1664 1405 ἱκνουμένᾳ
1685 1353 1819 1404 ἁμέρᾳ.

314 1414 532 1454 Hactenus
552 1415 656 1454 bene
677 1412 865 1467 procedit
886 1412 1121 1452 emendatio
1138 1426 1160 1451 e
1184 1411 1298 1451 libris
1320 1414 1362 1450 et
1383 1410 1546 1464 ingenio
1562 1422 1655 1448 cum
1675 1412 1820 1447 nostro

311 1474 401 1509 tum
429 1470 603 1510 alierum
625 1470 806 1510 virorum
835 1470 1078 1509 doctorum:
1112 1481 1362 1521 quamquam
1387 1466 1428 1505 in
1456 1465 1532 1513 his,
1556 1479 1662 1518 quae
1687 1463 1819 1517 posui,

312 1526 413 1565 nihil
435 1531 499 1566 est
520 1542 541 1566 e
569 1526 683 1566 libris
714 1541 795 1565 non
827 1526 1013 1565 ductum.
1054 1525 1281 1576 sacruficare
1301 1529 1336 1563 el
1364 1536 1528 1562 munera
1556 1527 1644 1561 vota
1664 1520 1817 1574 porsol-

311 1597 398 1623 'cere
423 1582 618 1623 ῘΙῙαιιὶὸιιε
646 1582 842 1634 (Ζςῇιιιετὶς
869 1583 912 1622 ιἰι
939 1582 1004 1621 (lie
1031 1581 1169 1634 cuique
1197 1585 1433 1633 competente.
1493 1577 1654 1617 Deinde
1674 1575 1819 1616 velim:

312 1643 443 1679 τελεῖν
464 1641 505 1678 δὲ
533 1640 619 1681 τοὺς
648 1639 887 1688 ποθήκοντας
914 1639 1099 1689 (memora
1125 1636 1199 1676 illa
1227 1650 1312 1675 vero
1333 1634 1466 1675 debent
1489 1633 1712 1687 persolvere
1738 1646 1820 1685 cogr-

312 1695 419 1743 vati)
444 1697 539 1734 κατὰ
559 1697 607 1734 τὰ
629 1695 815 1746 ἁγημένα.
849 1693 1154 1733 Valckenarius
1170 1693 1223 1732 ad
1243 1691 1509 1731 Herodotum
1526 1691 1563 1737 6,
1579 1691 1645 1743 65.
1667 1704 1707 1742 p.
1721 1690 1818 1740 467.

313 1750 485 1803 conjicit
506 1755 636 1790 τελεῖν
657 1752 743 1792 τοὺς
772 1749 1011 1799 ποθήκοντας
1042 1751 1160 1789 καττὰ
1191 1747 1418 1799 τεταγμένα.
1472 1746 1563 1796 Qua,
1584 1746 1634 1784 de
1662 1745 1821 1798 conjec-

313 1810 410 1846 tura
439 1811 601 1847 statuat
630 1807 739 1860 quod
768 1806 940 1859 quisque
967 1806 1087 1845 volet.
1152 1803 1258 1844 Mihi
1285 1803 1451 1843 videtur
1475 1802 1587 1842 aliud
1614 1801 1771 1854 aliquid
1799 1815 1821 1840 e

311 1867 479 1903 vetusta
499 1863 641 1917 lingua
661 1862 808 1903 latere.
863 1862 1049 1915 Vulgata
1070 1862 1103 1901 si
1126 1862 1230 1900 bene
1251 1860 1392 1908 habet,
1415 1858 1495 1899 erit
1515 1858 1691 1910 ἁγημένα
1712 1857 1822 1896 idem

311 1922 440 1971 atque
460 1920 646 1971 ἡγημένα,
675 1918 716 1958 id
741 1923 805 1958 est
837 1919 1098 1968 νενομισμένα
1126 1918 1251 1956 δίκαια
1280 1916 1342 1955 καὶ
1373 1916 1475 1963 ὅσια,
1505 1914 1529 1954 ἂ
1561 1915 1597 1953 οἳ
1628 1914 1822 1964 ἄνθρωποι

311 1975 496 2025 ἡγοῦνται
529 1977 654 2015 δίκαια
687 1976 748 2015 καὶ
782 1975 922 2024 νόμιμά
951 1980 1090 2026 σφισιν
1123 1973 1234 2013 εῖναι.
1287 1971 1469 2010 Videtur
1500 1976 1642 2010 tamen
1671 1969 1822 2020 ἠγμένα

311 2031 456 2070 melius
490 2031 708 2071 convenire
743 2031 796 2071 ab
830 2031 953 2080 ἄγειν.
987 2029 1199 2069 secundm
1226 2026 1432 2080 publicam
1463 2027 1632 2078 ἀγωγὴν,
1666 2025 1822 2065 institu-

313 2087 452 2126 tionem
500 2102 663 2135 morum.
709 2086 965 2140 clz'scz’ldinam
1008 2088 1074 2137 (ut
1118 2099 1192 2124 nos
1242 2083 1466 2136 loquimur)
1508 2081 1819 2122 eeclesiasticam.

314 2144 516 2183 REISK.
579 2146 625 2183 τὰ
647 2143 822 2194 ἁγημένα
849 2143 1002 2195 probat
1023 2142 1150 2182 etiam
1171 2141 1455 2180 Buttmaunus
1477 2138 1662 2178 Gramm.
1685 2137 1762 2177 vol.
1782 2149 1820 2176 2.

314 2213 352 2252 p.
373 2200 438 2249 84.
464 2200 526 2239 ed.
554 2199 732 2238 Lobeck.

378 2265 496 2308 1073,
516 2269 550 2294 1.
580 2259 659 2296 τοῖς
687 2254 976 2305 κατοιχομένοις
1008 2254 1152 2305 ποιεῖν]
1188 2253 1292 2292 Post
1324 2255 1405 2292 τοῖς
1434 2249 1721 2302 κατοιχομένοις
1747 2253 1822 2289 aut

314 2315 409 2364 post
430 2315 555 2350 ποιεῖν
577 2311 718 2349 deesse
739 2309 904 2349 videtur
925 2312 971 2348 τὰ
992 2308 1261 2358 νενομισμένα.
1296 2307 1496 2346 REISK.
1536 2305 1707 2346 Rectius
1730 2305 1821 2345 Ind.

314 2366 545 2406 Graecitat.
561 2380 592 2405 s.
603 2381 640 2406 v.
657 2370 780 2405 ποιεῖν
796 2365 907 2404 “6011.
927 2367 974 2404 τὰ
988 2366 1225 2414 νομιζόμενα,
1234 2363 1519 2415 ,φίιδΐαβῖσθνθῖ
1525 2363 1535 2380 ³
1561 2366 1686 2401 ποιεῖν
1699 2361 1820 2410 enim,

314 2427 362 2462 ut
381 2423 534 2475 fimare,
566 2421 733 2475 proprie
761 2421 812 2460 dc
841 2420 968 2460 sacris
1005 2420 1169 2460 dicitur.
1211 2423 1291 2461 τοῖς
1319 2418 1623 2471 κατοιχομένοις,
1645 2417 1821 2457 mortuis,

315 2478 419 2517 (lum
435 2478 556 2532 vulgo
574 2478 730 2518 Orator
746 2477 930 2530 loquitur
949 2493 955 2515 :
991 2490 1087 2515 nam
1110 2475 1151 2514 in
1173 2475 1262 2529 ipsa
1283 2474 1439 2514 oraculi
1460 2473 1638 2514 formula
1659 2478 1724 2513 est
1744 2477 1823 2515 τοῖς

316 2534 594 2585 ἀποφθιμένοις
618 2549 658 2587 p.
680 2544 798 2585 1072,
834 2534 914 2580 Ζᾶ,
944 2536 992 2571 ut
1022 2531 1219 2585 Pythium
1251 2532 1373 2571 deum
1403 2530 1515 2584 loqui
1548 2530 1738 2570 decebat.
1774 2531 1822 2568 τὰ

314 2593 390 2629 τῶν
422 2591 707 2642 κατοιχομένων
743 2591 883 2639 νόμιμοι
917 2603 956 2641 p.
979 2601 1102 2640 1391,
1138 2600 1201 2627 12.
1237 2586 1471 2640 Hesychius
1502 2586 1579 2626 vol.
1600 2597 1636 2625 2.
1665 2600 1704 2639 p.
1727 2594 1821 2638 205.

315 2646 626 2698 Κατοιχομένων.
660 2649 815 2696 νεκρῶν,
834 2645 1067 2684 τεθνεώτων.
1101 2644 1364 2683 ἀπελθόντων.
1387 2642 1676 2682 ἀποθανόντων.
1709 2640 1822 2680 Neve

313 2700 471 2741 tirones
493 2701 696 2741 mirentur
716 2699 981 2754 participium
1002 2699 1100 2752 poni
1118 2698 1361 2752 praesentis,
1382 2698 1524 2752 legant
1545 2711 1650 2750 quae
1680 2695 1821 2736 notavi

315 2757 369 2796 ad
390 2773 429 2810 p.
455 2760 573 2809 1069,
597 2771 659 2797 11.
694 2756 952 2797 SCHAEF.

375 2824 494 2866 1073,
518 2815 555 2852 6.
589 2811 976 2865 ὅτι-ἀγωνίζονται]
1014 2811 1220 2851 Notabilis
1254 2809 1506 2851 catachresis
1545 2808 1821 2863 genitivorum

313 2869 613 2909 absolutorum.
660 2869 791 2908 Nemo
811 2882 893 2908 nen
911 2871 1123 2920 exspectet
1140 2883 1147 2906 :
1181 2868 1239 2906 ὅτι
1260 2867 1384 2906 πολὺν
1407 2867 1553 2918 χρόνον
1574 2865 1733 2916 ἔχοντες
1752 2862 1821 2902 τὸν

315 2928 456 2975 κλῆρον
479 2926 562 2965 νυνὶ
584 2927 848 2977 ἀγωνίζονται.
907 2924 989 2964 Sed
1011 2924 1177 2977 vulgata
1199 2927 1261 2962 est
1283 2922 1511 2963 sanissima.
1549 2920 1806 2960 SCHAEF.
