1935 3200
270 129 383 172 1166
644 129 968 170 ADVERSUS
1010 129 1305 170 BOEOTUM
1339 129 1418 183 (I.)

270 236 394 285 κρίσει
424 237 475 289 τῷ
508 233 718 286 ἐρωτήματι
749 234 888 287 τούτῳ]
926 235 962 273 εἵ
990 249 1044 275 τις
1082 233 1206 284 ἔροιτο
1239 233 1411 273 Βοιωτὸν
1442 234 1605 282 τουτονὶ,
1640 252 1672 274 κ.
1694 251 1728 274 τ.
1750 239 1789 274 λ.

270 291 429 331 Wolfio
463 291 540 330 hoc
573 304 656 329 non
688 289 844 329 videnti
877 289 991 328 locus
1023 293 1066 329 et
1101 294 1324 342 corruptus
1356 294 1399 329 et
1430 290 1650 330 mutilatus
1680 290 1790 330 vide-

269 348 408 387 batur.
443 346 692 386 SEAGER.
716 345 833 386 Diar.
858 345 1029 386 Classic.
1052 359 1121 399 59.
1149 360 1186 398 p.
1213 359 1303 386 110.
1365 345 1479 386 Bene
1512 345 1717 400 Seagerus
1748 351 1791 386 et

271 402 532 456 interpungit
553 408 596 442 et
621 402 940 456 interpretatur.
975 401 1127 441 SCHA
1137 401 1226 441 EF.

333 471 453 505 1002,
479 470 543 511 27.
577 460 610 498 εἰ
638 458 811 510 γὰρ-εἶ
836 458 946 510 ἐμοῦ]
976 457 1084 497 Νο111
1113 457 1146 497 si
1176 457 1289 498 dicas
1318 463 1342 480 ‘⁶
1362 457 1686 506 Mantithemnss'
1708 472 1790 497 non

271 519 495 568 propterea
521 514 692 562 scilicet,
714 513 811 567 quia
838 514 973 567 major
999 518 1102 554 natu
1131 513 1186 553 sis
1209 528 1333 566 quam
1363 528 1469 568 ego3
1504 513 1614 554 illam
1643 514 1791 554 saltem

274 585 467 611 caussam
488 570 637 610 afferre
659 584 741 609 non
762 569 910 623 possis.
944 569 1191 609 SEAGER.
1215 570 1240 609 l.
1265 583 1300 609 0.

333 639 456 680 1003,
479 640 517 679 3.
550 630 626 666 τῶν
655 625 770 679 ἐτῶν]
804 625 990 666 Subaudi
1020 630 1097 666 τῶν
1127 625 1335 677 ἡμετέρων,
1365 625 1444 664 nisi
1476 625 1616 679 potius
1647 626 1689 665 id
1719 626 1791 666 ad-

272 683 454 722 dendum
482 686 559 722 est.
594 682 788 722 REISK.
853 681 948 721 Nou
969 687 1035 722 est
1055 682 1305 721 addendum.
1366 682 1531 722 Passim
1555 681 1791 721 monuimus

272 738 519 792 pronomina
560 738 712 787 omitti,
753 737 823 778 ubi
864 738 969 778 tales
1010 738 1173 792 ellipses
1223 752 1389 777 sensum
1429 752 1511 778 non
1554 738 1790 778 obscurent.

277 795 548 834 SCHAEF:

330 850 512 905 ἀριθμὸν]
536 868 633 903 χροι
636 868 682 890 ον
707 850 867 903 aliquot
895 849 1002 889 libri.
1068 849 1271 890 Primitus
1292 849 1457 890 videtur
1477 849 1604 890 fuisse
1624 851 1790 902 χρόιωι,

273 907 475 947 scholium
511 907 622 946 vocis
659 909 766 947 ἐτῶν.
831 906 1067 959 Hesychius
1102 906 1242 946 vol.1.
1275 921 1314 959 p.
1342 907 1462 960 1485.
1489 905 1600 956 ”.Ετη
1641 907 1788 958 χρόνοι.

332 1018 620 1072 ἐγὼ-φήσει]
660 1017 741 1057 His
782 1017 816 1057 si
852 1018 983 1058 codex
1018 1018 1221 1058 insereret
1261 1017 1371 1065 εἶναι,
1408 1032 1492 1057 11011
1532 1031 1791 1072 aspernarer.

276 1074 529 1115 SOHAEF.

335 1144 456 1185 1003,
483 1143 518 1182 7.
545 1134 733 1181 πρότερον
760 1131 891 1170 τοίνυν
914 1131 980 1180 ἐμὲ
1010 1131 1064 1171 εἰς
1091 1130 1177 1171 τοὺς
1208 1130 1372 1179 δημότας
1401 1147 1433 1169 κ.
1455 1147 1488 1169 τ.
1513 1130 1572 1184 λ.]
1598 1129 1722 1169 Prius
1751 1129 1792 1168 in

274 1187 416 1227 album
447 1187 694 1240 phratorum
722 1185 839 1225 liberi
868 1185 1205 1226 inscribebantur
1233 1200 1358 1238 quam
1381 1185 1423 1224 in
1452 1186 1729 1233 demetarum,
1750 1190 1793 1226 et

275 1247 367 1283 erat
398 1243 499 1283 haee
532 1241 739 1296 posterior
774 1242 991 1296 inscriptio
1025 1241 1152 1281 veluti
1185 1241 1446 1282 confirmatio
1477 1248 1519 1282 et
1558 1241 1793 1296 obsignatio

275 1299 439 1352 prioris,
463 1304 506 1339 et
527 1299 641 1352 prior
661 1299 894 1351 posteriore
916 1312 1061 1338 carens
1083 1312 1231 1351 parum
1253 1297 1431 1338 valebat.
1466 1297 1657 1338 REISK.
1708 1297 1790 1337 Ve-

275 1370 368 1394 rum
396 1359 460 1395 est
487 1355 638 1395 liberos
667 1355 780 1408 prius
809 1355 850 1394 in
879 1355 1126 1408 phratorum
1155 1354 1295 1393 album
1324 1354 1478 1394 relatos
1507 1369 1608 1394 esse.
1673 1353 1728 1393 V.
1751 1369 1790 1407 p.

276 1425 329 1464 99
334 1422 372 1465 5.
398 1413 462 1451 28.
525 1412 606 1451 Sed
629 1425 710 1450 non
739 1411 873 1451 dicam
895 1411 973 1450 hoc
994 1425 1142 1463 parum
1163 1409 1350 1459 valuisse,
1373 1410 1450 1450 nisi
1476 1415 1573 1464 post
1594 1410 1636 1450 in
1657 1410 1795 1450 demo-

276 1472 416 1508 tarum
439 1467 580 1508 album
601 1468 871 1507 referrentur.
904 1466 1150 1507 SCHAEF.

338 1537 458 1576 1003,
486 1538 550 1563 10.
588 1523 789 1576 ὥστ’-τῷ
828 1523 975 1577 δικαίῳ]
1014 1522 1260 1576 Suspicatus
1295 1527 1358 1563 est
1390 1522 1448 1560 W
1452 1522 1571 1562 olfius
1607 1524 1794 1565 ordinem

278 1581 500 1620 verborum
532 1581 660 1633 χρόνῳ
692 1584 734 1619 et
766 1580 895 1633 δικαίῳ
929 1594 1018 1619 esse
1052 1579 1353 1618 invertendum.
1416 1579 1498 1618 Sed
1529 1579 1632 1618 bene
1666 1581 1796 1622 habet

278 1636 461 1690 vulgata.
526 1636 801 1675 Demonstrat
825 1635 1091 1676 Mantitheus
1113 1649 1156 1675 se
1182 1649 1374 1675 caussam
1394 1635 1556 1675 vincere
1579 1649 1671 1675 cum
1693 1641 1795 1677 tem-

278 1707 378 1746 pore
410 1697 500 1732 tum
531 1692 637 1745 jure.
699 1692 830 1731 Pater
866 1691 975 1731 enim
1007 1706 1084 1740 1110,
1117 1691 1190 1739 ait,
1221 1691 1353 1731 multo
1389 1695 1487 1731 ante
1527 1691 1569 1730 in
1605 1692 1795 1734 demotas

279 1748 422 1789 intulit
453 1762 578 1801 quam
607 1753 662 1795 te,
687 1748 857 1796 Boeote,
886 1747 927 1786 in
955 1748 1192 1801 phratoras.
1255 1746 1392 1787 Vineo
1421 1747 1563 1800 itaque
1590 1752 1792 1802 tempore.

280 1805 362 1845 Sed
384 1804 503 1844 vinco
526 1818 690 1857 quoque
711 1805 819 1857 jure.
880 1804 1011 1844 Pater
1032 1804 1141 1843 enim
1161 1808 1204 1843 te
1226 1803 1484 1842 solummodo
1505 1803 1546 1842 in
1567 1804 1794 1857 phratoras

278 1860 431 1909 intulit,
461 1875 527 1901 me
557 1875 654 1900 vero
685 1867 728 1900 et
759 1861 801 1900 in
830 1860 905 1900 hos
936 1860 1115 1913 primum
1141 1864 1184 1899 et
1211 1859 1359 1899 deinde
1387 1859 1428 1898 in
1460 1859 1661 1908 demotas,
1692 1877 1795 1915 quos

279 1917 390 1958 inter
411 1917 564 1957 referre
585 1922 649 1957 est
670 1917 837 1956 demum
858 1916 1173 1970 adoptationem
1195 1916 1454 1956 confirmare.
1488 1915 1652 1956 Deinde
1672 1922 1795 1971 pater

279 1988 345 2013 me
380 1973 520 2013 volens
555 1987 631 2026 pro
667 1988 741 2013 suo
777 1973 937 2022 habuit,
974 1977 1017 2012 te
1056 1972 1221 2020 invitus,
1258 1976 1439 2019 coaetus,
1477 1971 1795 2014 circumventus.

280 2029 477 2069 REISK.
539 2031 672 2069 Recte
706 2034 851 2069 tuetur
886 2028 1100 2083 vulgatum
1135 2028 1322 2068 ordinem
1357 2028 1604 2068 verborum:
1644 2030 1716 2069 sed
1751 2030 1795 2070 τὸ

280 2087 428 2125 δίκαιον
459 2100 677 2138 perperam
712 2085 928 2126 intellexit.
991 2085 1097 2125 Hoc>
1122 2085 1243 2138 quale
1278 2084 1348 2133 sit,
1386 2084 1473 2137 ipse
1509 2089 1654 2125 orator
1689 2085 1796 2125 dixit

283 2156 319 2181 v.
346 2142 385 2180 6.
419 2142 668 2181 seHAEF.

343 2210 463 2249 1003,
492 2211 553 2250 13.
577 2196 858 2246 Ἀκαμαντίδος
878 2196 1019 2249 φυλῆς]
1043 2196 1157 2237 Citat
1179 2196 1218 2235 h.
1244 2195 1268 2235 l.
1293 2200 1368 2235 aut
1388 2211 1427 2249 p.
1452 2207 1571 2243 IOO2‚
1592 2209 1634 2246 4.
1686 2196 1797 2237 Har-

280 2252 498 2307 pocration
520 2268 555 2292 v.
577 2253 824 2302 Ἄκαμαντίς.
858 2252 1052 2292 REISK.

338 2314 415 2348 τῶν
440 2308 568 2358 δήμων
591 2307 792 2361 Θορίκιος]
819 2309 915 2348 Hoc
944 2307 1111 2348 restitui
1133 2322 1184 2347 ex
1207 2307 1248 2347 S.
1314 2307 1553 2361 Legebatur
1573 2307 1643 2348 τὸν
1664 2311 1796 2358 δῆμον,

282 2365 382 2405 vitio
410 2364 495 2404 late
524 2368 756 2418 propagato
787 2378 862 2417 per
891 2364 1052 2403 codices
1083 2363 1336 2403 recentiores
1368 2363 1552 2403 omnium
1585 2364 1669 2404 fere
1701 2365 1798 2404 scri-

282 2426 465 2475 ptorum.
530 2421 645 2460 Vera
669 2420 780 2460 ratio
806 2435 889 2459 non
910 2420 1017 2474 fugit
1040 2420 1096 2459 H.
1123 2420 1396 2473 Stephanum,
1423 2419 1493 2473 qui
1514 2419 1557 2459 in
1577 2425 1722 2460 annot.
1743 2421 1796 2461 ad

284 2478 397 2517 Plut.
421 2477 474 2516 V.
494 2476 642 2516 Thesei
672 2491 706 2516 0.
731 2489 764 2515 1.
791 2476 958 2529 scripsit
980 2482 1003 2497 “
1021 2477 1236 2527 Φρεαρρίου
1264 2480 1339 2515 τῶν
1370 2475 1500 2525 δήμων
1521 2478 1561 2515 ἐκ
1591 2479 1656 2526 τῆς
1677 2480 1799 2517 Λεον-

281 2535 385 2575 τίδος
420 2535 556 2585 φυλῆς.
620 2532 864 2572 Florentina
901 2531 1029 2572 editio
1066 2536 1142 2571 τῶν
1178 2531 1320 2581 δήμων,
1357 2531 1512 2572 Aldina
1547 2536 1623 2572 τῶν
1664 2536 1798 2583 δῆμον,

282 2590 422 2635 habet.
447 2603 554 2643 quae
585 2588 707 2628 lectio
734 2588 930 2642 ambigua
959 2592 1022 2627 est
1053 2587 1162 2627 inter
1192 2588 1315 2627 hasce
1346 2588 1461 2635 duas,
1490 2592 1566 2627 τῶν
1597 2588 1725 2638 δήμων
1755 2594 1798 2629 et

281 2646 351 2686 τὸν
387 2649 518 2695 δῆμον.
585 2645 667 2684 Sed
703 2659 829 2698 quum
869 2644 971 2684 haec
1010 2643 1145 2692 lectio,
1186 2658 1293 2697 quae
1332 2643 1616 2684 accusativum
1655 2645 1795 2693 habet,

281 2702 416 2755 prima
443 2701 578 2741 fronte
606 2700 727 2754 longe
754 2700 898 2740 melior
924 2699 1127 2747 videatur,
1158 2714 1234 2753 ego
1262 2704 1410 2739 contra
1437 2705 1674 2753 suspectam
1705 2715 1796 2740 eam

282 2758 430 2798 habeo.
493 2757 660 2810 Alioqui
683 2757 803 2796 multi
824 2756 933 2809 apud
958 2755 1187 2809 Diogenem
1210 2755 1425 2795 Laertium
1446 2756 1524 2796 loci
1547 2756 1794 2796 emendandi

282 2814 425 2854 itidem
446 2814 510 2852 fei
512 2818 594 2852 ent
640 2812 747 2852 Nam
769 2817 815 2852 ut
836 2811 902 2852 hic
924 2811 1090 2865 legitur,
1109 2813 1325 2863 Φρεαρρίου
1347 2816 1422 2851 τῶι
1444 2812 1584 2861 δημωι,
1604 2812 1661 2851 sic
1682 2813 1794 2875 apud

283 2869 428 2909 illum
419 2885 459 2909 1n
484 2869 689 2909 Platzom
721 2869 768 2917 ὴν
790 2870 831 2909 δὲ
858 2872 933 2907 τῶν
958 2854 1086 2917 δημωι
1110 2869 1343 2908 Κολλυτεύς.
1376 2867 1632 2920 itidemque
1622 2882 1663 2906 111
1683 2868 1795 2937 prin-

284 2925 392 2978 cipio
424 2926 534 2966 vitae
566 2924 1127 2978 Χο11011110111153Ξενοφῶι
1164 2925 1341 2974 Γρύλλου
1374 2925 1445 2973 μὲι
1478 2924 1525 2974 ὴν
1561 2923 1651 2973 υἱὸς,
1683 2923 1797 2973 Αθη-
