1935 3200
256 149 367 189 1434«
839 148 1177 189 PROOEMIA.

317 265 435 307 1437,
460 269 497 308 9.
521 258 632 293 τοῦτο
661 254 890 306 πράξαντες]
929 253 981 292 Ι(1
1006 258 1081 298 est.
1106 252 1389 302 ἀντιλέξαντες.
1426 253 1617 293 WOLF.
1679 253 1762 293 Ve-

255 310 341 349 rius
363 310 598 358 διδάξαντες.
661 310 911 362 Quanquam
932 309 1031 348 illud
1053 310 1198 349 eodem
1217 308 1339 349 redit.
1381 309 1632 350 SCHAEF.

312 365 475 418 ἀθῴους]
509 365 675 404 Dicitur
696 365 734 405 h.
757 365 782 404 1.
806 366 856 404 de
878 379 937 412 re,
959 366 1012 404 ob
1034 379 1158 418 quam
1180 364 1272 418 quis
1293 379 1375 404 non
1400 365 1584 418 punitur.
1646 366 1762 416 Quae

254 420 503 475 significatio
525 426 589 460 est
613 421 758 460 rarior.
802 421 1051 460 SOHAEF.

319 487 435 529 1437,
460 490 519 516 10.
553 479 783 527 δυνηθῶσιν]
822 476 989 516 Scilicet
1025 479 1061 516 οἳ
1094 475 1376 527 ἀντιλέγοντες.
1437 476 1599 516 Eodem
1635 477 1763 517 etiam

254 532 364 572 redit
386 534 551 581 ἕξουσιν.
594 533 796 572 REISK.

316 598 434 640 1437,
456 601 518 628 12.
542 590 704 641 τούτων]
741 590 875 628 τούτου
892 604 927 629 v.
989 588 1111 639 Quod
1140 588 1322 641 probans
1344 587 1607 627 scribendum
1628 588 1761 641 suspi-

253 659 347 683 cor:
388 644 407 682 ὃ
437 645 698 695 ἀνθρώπων
676 651 723 694 ἠν
751 645 879 695 ἔργον,
912 645 1087 691 ἀκοῦσαι,
1120 645 1255 683 τούτου
1268 668 1336 683 —-.
1393 644 1556 683 ἀκοῦσαι
1591 644 1763 683 additur

255 698 497 750 ἐξηγητικῶς.
559 700 807 753 Quanquam
827 714 910 739 non
931 699 1019 739 sine
1040 714 1189 739 caussa
1217 698 1437 751 suspiceiis
1462 699 1570 738 huno
1592 699 1762 739 infiniti-

254 770 349 794 vum
371 769 393 794 e
413 755 601 807 mam'ine
622 756 846 809 irrepsisse.
894 755 1011 796 Conf.
1028 755 1174 795 variet
1196 755 1590 795 leot.SCHAE1‹.

315 821 435 863 1437,
458 813 518 851 16.
541 812 661 861 Οἶμαι
683 811 844 865 δειν-]
879 812 992 850 Emi
995 811 1107 850 dmm
1128 810 1331 851 orationis
1353 811 1403 851 de
1430 811 1628 852 libeitate
1650 812 1763 852 Rho-

258 866 335 906 diis
357 867 630 908 iestituenda.
663 867 855 907 WOLF.

316 935 480 976 1437‚‘⁷
462 937 525 965 2.
557 926 707 963 ἵσον-
721 925 819 964 ὅσον
849 924 938 975 περ]
973 939 1043 972 την
1072 924 1161 972 ι’σην
1191 922 1591 973 ὑπερβολην--ὅσην
1620 939 1692 974 περ
1720 938 1761 976 p.

258 992 378 1030 1440,
416 993 454 1031 3.
528 980 638 1018 Add.
675 995 713 1032 p.
746 993 865 1031 1441,
904 981 942 1018 6.
975 980 1094 1031 1458,
1137 980 1173 1018 8.
1215 983 1258 1018 ot
1297 982 1439 1018 annot.
1476 978 1530 1017 ad
1566 979 1665 1031 528,
1699 980 1760 1018 18.

259 1036 518 1074 SCHAEF.

316 1091 435 1143 1438,
455 1101 518 1139 17.
550 1089 835 1144 δοκιμάζοντες]
870 1091 914 1144 τῇ
947 1090 1172 1139 δοκιμάζειν.
1223 1104 1299 1129 non
1334 1089 1472 1143 inopia
1496 1089 1662 1142 judicii,
1698 1089 1767 1129 sed

244 1146 453 1199 pravitate
469 1146 626 1200 ιἰιῃεηιὶἱ.
641 1147 696 1185 W
702 1146 827 1185 OLF.
904 1147 964 1185 ὀιι
980 1146 1245 1199 quodjmlz'c‘io
1261 1146 1506 1185 erraveritis.
1541 1146 1764 1185 SCHAE-

316 1258 434 1311 1438,
456 1271 521 1310 23.
544 1260 580 1297 οἱ
602 1257 649 1311 δ’]
681 1258 786 1297 Post
808 1259 843 1297 οἱ
865 1257 894 1297 δ’
910 1258 1074 1297 videtur
1095 1257 1288 1310 ponenda
1309 1256 1470 1303 lineola,
1489 1256 1651 1310 signum
1672 1271 1763 1297 ora-

253 1312 379 1353 tionis
399 1313 585 1367 graviter
605 1329 654 1353 ao
676 1328 790 1353 more
813 1313 1135 1353 Demosthenieo
1155 1314 1374 1366 abruptae.
1428 1312 1492 1352 Ut
1514 1317 1657 1353 orator
1677 1313 1763 1353 fere

253 1370 330 1408 hoe
368 1369 409 1408 in
444 1374 583 1409 mente
619 1370 838 1410 habuerit:
877 1387 913 1409 οι
948 1371 1021 1419 μὲν
1054 1370 1213 1420 ἀγιοεῖν
1245 1372 1288 1408 τὸ
1326 1368 1534 1419 συμφέρον,
1569 1370 1606 1408 οἳ
1640 1371 1680 1408 δὲ
1716 1371 1763 1409 τὰ

253 1425 460 1476 πράγματα
481 1427 721 1477 διαφθείρειν
740 1429 1056 1475 παρεσκευάσθαι
1077 1426 1268 1474 δόξουσιν.
1313 1424 1520 1475 Νἱι111ἐρεῖ
1538 1439 1620 1464 11011
1642 1439 1761 1478 posse

253 1480 398 1520 refirii
431 1481 486 1520 ad
518 1499 554 1521 οι
583 1483 655 1531 μὲν
682 1486 723 1521 et
755 1499 791 1520 οι
822 1480 851 1521 δ’
876 1481 990 1529 satis,
1019 1480 1178 1534 opinor,
1211 1480 1395 1520 ostendit
1416 1480 1527 1533 quod
1560 1480 1762 1534 seriptum

253 1536 427 1590 legimus
458 1538 480 1574 ὅ
509 1554 545 1577 τι
581 1539 630 1577 ἄν
660 1554 727 1579 τις
760 1538 965 1587 βούληται,
1000 1551 1081 1576 11011
1114 1538 1136 1575 ὅ
1167 1554 1203 1576 τι
1238 1537 1286 1576 ἂν
1323 1538 1522 1578 ἕκαστος
1555 1538 1760 1587 βούληται.

258 1594 518 1632 SCHAEF.

314 1649 432 1701 1438,
458 1661 522 1701 25.
559 1653 639 1690 τοῖς
677 1650 812 1698 δόξασι
846 1648 934 1700 παρ’
957 1649 1063 1700 ὑμῖν]
1110 1648 1288 1687 Decretis
1319 1647 1472 1687 vestris.
1511 1647 1761 1688 SEAGER.

253 1704 369 1744 Diar.
403 1704 567 1745 Classis.
597 1706 663 1744 61.
696 1720 736 1758 p.
766 1705 831 1744 68.
900 1704 1152 1744 Scholiastes
1185 1703 1460 1744 Lutetianae:
1496 1707 1575 1745 τοῖς
1606 1703 1760 1758 δόξασι]

252 1764 333 1802 τοῖς
366 1761 640 1812 ἐγνωσμένοις.
686 1763 871 1800 σύνταττε
907 1762 946 1800 δὲ
979 1764 1099 1799 ταῦτα
1130 1762 1182 1813 τῷ
1215 1760 1363 1811 ῥήματι,
1390 1761 1629 1810 ἀντεροῦσιν.
1670 1760 1761 1811 παρ’

252 1818 342 1865 ὑμῖν
362 1831 445 1855 non
472 1817 814 1856 antecedentibus
841 1831 933 1856 oum
963 1816 1144 1869 Seagero
1166 1816 1355 1869 jungam,
1378 1815 1450 1854 sed
1477 1815 1763 1868 sequentibus.

257 1872 508 1912 SCHAEF.

315 1941 435 1981 1439,
459 1928 517 1967 18.
542 1929 685 1981 κόπτω]
728 1928 961 1975 Obtzmdam,
988 1927 1174 1980 fittifyem.
1238 1927 1344 1966 Fere
1378 1926 1486 1966 idem
1513 1926 1624 1966 valet
1650 1927 1761 1979 quod

253 1985 418 2036 ἐνοχλῶ.
480 1984 595 2034 Quae
626 1985 751 2024 verba
781 1985 1016 2038 junguntur
1048 1983 1174 2023 etiam
1201 1998 1241 2036 p.
1263 1985 1380 2033 1446,
1401 1992 1463 2036 15.
1512 1982 1564 2022 V.
1589 1982 1645 2022 H.
1669 1982 1762 2023 Ste-

254 2039 416 2091 phanus
439 2040 562 2079 Thes.
606 2041 865 2079 SCHAEF.

315 2109 433 2149 1439,
455 2109 516 2147 19.
536 2095 646 2135 Ἔδει
666 2098 817 2147 μὲν-]
845 2096 898 2135 V.
922 2096 975 2136 ad
998 2111 1037 2149 p.
1060 2096 1177 2145 1418,
1197 2108 1232 2134 1.

317 2165 437 2204 1439,
459 2164 522 2190 21.
548 2153 581 2190 εἰ
603 2151 632 2190 δ’
652 2153 725 2202 ἄρα
746 2152 797 2201 μὴ
818 2154 1010 2203 πρόδηλος
1031 2151 1094 2204 ἦν]
1128 2150 1293 2190 Scilicet
1315 2152 1334 2189 ὁ
1355 2152 1536 2199 πόλεμος.
1571 2149 1759 2190 ἶνΟῘΑΡ.

321 2219 438 2259 1439,
463 2219 526 2257 24.
557 2207 643 2248 τοὺς
680 2208 930 2259 ἐπιστάντος]
970 2208 1033 2247 Ut
1055 2207 1277 2247 Charetem
1307 2211 1350 2246 et
1379 2205 1684 2254 Charidemum,
1707 2206 1762 2246 ad

256 2276 359 2315 quos
381 2262 528 2314 respici
551 2262 824 2314 probabiliter
844 2263 1023 2315 eonjeoit
1046 2263 1281 2302 Boehnoek.
1306 2262 1477 2312 Quaest.
1495 2261 1573 2300 vol.
1593 2275 1628 2301 1.
1650 2262 1738 2314 187.

320 2330 437 2369 1439,
463 2319 527 2356 ¹28.
550 2320 596 2356 τὰ
616 2319 688 2366 μὲν
709 2320 1007 2368 παρεληλυθότα
1021 2317 1094 2371 —]
1129 2318 1246 2358 Conf.
1271 2318 1437 2371 Olynth.
1463 2316 1546 2356 III.
1568 2332 1606 2370 p.
1630 2331 1698 2371 30,
1723 2320 1760 2357 8.

258 2373 427 2413 DOBR.

319 2442 436 2480 1440,
460 2442 490 2467 1.
514 2432 581 2467 τοῦ
608 2429 1051 2482 μὲν-συμβουλεῦσαι]
1084 2429 1185 2469 Cum
1208 2444 1246 2481 p.
1268 2443 1328 2482 19,
1351 2439 1392 2482 5.
1414 2434 1631 2482 comparat
1659 2428 1760 2468 Din-

256 2485 424 2524 dorfius.
487 2484 645 2524 Similia
666 2484 859 2537 leguntur
881 2500 919 2538 p.
941 2499 1058 2535 1449.
1082 2485 1135 2523 111.
1179 2486 1438 2523 SCHAEF.

316 2554 436 2592 1440,
460 2541 497 2579 8.
522 2539 638 2579 ἔπειτ’
656 2541 723 2579 οὐκ
745 2540 975 2594 ἀθυμητέον]
1010 2540 1177 2580 Leviter
1197 2544 1363 2580 mutata
1385 2555 1436 2580 ex
1459 2540 1637 2594 Philipp.
1661 2541 1697 2580 I.
1720 2556 1759 2595 p.

256 2610 326 2648 40,
346 2610 405 2635 11.
450 2596 621 2635 DOBR.

319 2664 522 2702 1440,17.
556 2652 649 2702 πρὸς
680 2652 832 2704 αὐτοὺς]
868 2651 1061 2691 Recurrit
1083 2667 1117 2691 v.
1150 2665 1215 2692 21.
1278 2652 1359 2692 Sed
1396 2652 1541 2692 statim
1574 2652 1761 2705 sequitur

257 2709 455 2758 ἀλλήλων.
502 2708 758 2747 sel-IAEF.

317 2777 436 2815 1440,
462 2764 526 2802 ¹28.
550 2763 592 2802 τὸ
614 2766 687 2814 γὰρ
710 2763 968 2817 καταρᾶσθαι]
1002 2765 1114 2802 Nam
1140 2764 1354 2816 {inprecari
1379 2763 1488 2803 mala
1508 2763 1668 2810 homini,
1690 2764 1762 2816 qui

255 2820 460 2859 consiliam
481 2819 584 2859 vobis
605 2819 675 2859 (lat
696 2818 1010 2867 deliberantibus,
1027 2833 1178 2872 parum
1199 2826 1335 2872 aptum
1356 2820 1419 2859 sit.
1455 2819 1701 2858 SOHAEF.

320 2888 438 2926 1441,
459 2876 495 2913 8.
519 2875 603 2914 ἀντὶ
625 2879 691 2914 τοῦ
713 2875 831 2914 δεινοὶ
852 2875 1002 2928 λέγειν]
1041 2875 1187 2915 Pleno:
1223 2876 1307 2915 ἀντὶ
1329 2879 1394 2914 τοῦ
1417 2877 1637 2925 νομίζεσθαι
1660 2875 1758 2915 εἶναι

258 2932 374 2970 δεινοὶ
397 2930 541 2981 λέγειν.
586 2932 699 2970 §CH
711 2932 844 2970 ΑΕΓ.
