1935 3200
349 122 460 162 1244
700 122 1023 163 ADVERSUS
1057 122 1437 163 STEPHANUM
1470 122 1503 162 Ι.

410 240 529 279 1122,
554 238 618 279 25.
651 227 861 281 ἡγεμόνας]
890 226 1061 267 00116Χὶ
1095 226 1307 280 vulgatum
1334 226 1517 277 ἡγεμόνα.
1579 224 1704 265 Pasio
1733 224 1852 274 enim,

350 282 415 322 eui
448 283 574 322 etiam
611 282 891 345 Apollodorus
924 297 967 322 se
1000 287 1146 335 utpote
1179 281 1286 320 filius
1322 281 1514 334 adjungit
1549 284 1591 320 et
1626 281 1668 319 in
1699 280 1853 335 gloriae

349 338 678 378 communionem
706 338 1067 392 ingelit,fue1unt
1090 337 1372 377 Phormioni
1356 340 1553 388 ηγεμόνες,
1577 337 1701 376 duces
1730 336 1853 376 felici-

348 394 452 434 tatis
474 395 572 447 ejus,
590 395 643 434 ad
666 409 789 447 quam
810 394 1008 434 Phormio
1029 394 1295 447 postmodum
1316 392 1520 432 industria
1537 407 1634 432 usus
1654 392 1854 446 pervenit,

350 464 479 503 eoque
507 450 615 490 viam
647 450 703 489 illi
732 455 1018 490 monstrarant
1047 455 1088 490 et
1119 450 1159 488 in
1190 464 1280 489 eam
1306 449 1415 489 viam
1443 449 1555 488 illum
1585 449 1851 488 induxerant.

351 506 610 546 Subauditur
659 507 758 560 αὐτῷ
810 508 1031 558 γεγονότας.
1076 505 1272 545 REISK.
1333 505 1428 544 Non
1478 519 1580 558 opus
1630 503 1854 545 subaudiri.

353 562 606 602 SOHAEF.

410 630 528 670 1123,
555 620 618 657 26.
651 618 793 670 ἔχοντα
815 619 876 657 καὶ
896 618 1155 671 πλουτοῦντα]
1189 617 1460 656 Pleonasnlus
1491 617 1723 657 oratorius:
1757 630 1856 656 nam

351 673 618 728 participium
638 674 740 726 ἔχων
761 674 893 713 solum
914 688 988 727 per
1009 688 1051 713 se
1072 673 1182 713 valet
1203 673 1228 713 i.
1251 688 1289 726 q.
1314 676 1505 712 πλουτῶν.
1537 672 1786 713 SGHAEF.

411 743 425 768 1
440 743 454 768 1
467 743 532 782 223,
557 740 620 782 27.
653 731 863 780 ὥστε-μὴ
884 731 1051 782 τολμᾶν]
1086 730 1138 769 Ut
1162 730 1205 769 ian
1226 729 1404 769 animum
1425 728 1607 769 inducere
1627 743 1703 769 non
1715 728 1854 782 possit.

351 785 565 825 Iudicatur
587 800 747 825 summa
767 785 994 826 voluntatis
1016 785 1281 825 abalienatio.
1319 784 1566 825 SCHAEF.

410 855 528 892 1124,
557 856 588 881 1.
621 845 668 882 τὰ
700 842 990 895 καταχύσματα]
1023 842 1166 882 Citant
1194 841 1232 880 h.
1261 841 1284 879 l.
1320 840 1632 894 Harpocration
1664 855 1700 880 v.
1729 844 1857 880 Κατα-

346 899 528 949 χύσματα
558 902 601 938 et
633 897 880 938 Ammonius
913 913 953 950 p.
982 899 1045 950 78.
1078 897 1118 936 in
1150 897 1293 937 eadem
1324 910 1434 936 voce.
1486 896 1603 936 Conf.
1626 896 1856 937 Palmerius

350 953 582 993 Exercitat.
606 969 647 1007 p.
672 956 766 1004 644.
799 954 996 993 REISK.
1043 954 1157 994 Citat
1189 953 1315 994 etiam
1344 953 1640 1006 Hermogenes.
1691 952 1746 993 V.
1767 956 1855 992 not.

350 1009 405 1050 ad
426 1025 464 1063 p.
488 1012 606 1063 1308,
629 1012 666 1058 6,
702 1010 953 1050 SOHAEF.

415 1079 535 1117 1124,
560 1078 596 1105 2.
629 1066 731 1119 οὐδὲ]
755 1065 919 1105 Scilicet
941 1066 1104 1115 ὤκνησε.
1137 1064 1381 1105 SCHAEF.

410 1135 528 1171 1124,
551 1135 590 1174 5.
622 1124 662 1161 τί
679 1125 752 1173 γὰρ
776 1122 891 1161 αὐτὸν
912 1122 1113 1171 οἴεσθε-1
1143 1122 1225 1160 Om-
1245 1121 1347 1160 ση-ῖηι
1372 1134 1460 1160 eum
1484 1120 1705 1173 putate's—.
1752 1119 1856 1159 Sub-

349 1177 446 1217 audi
464 1194 471 1216 :
502 1178 582 1217 nisi
601 1178 725 1217 mulla
735 1178 922 1230 ficerunt,
946 1192 1046 1229 quae
1066 1177 1133 1216 hoc
1144 1177 1505 1230 pactofecrccretmz
1540 1176 1787 1215 SOHAEF.

412 1246 530 1284 1124,
550 1235 587 1272 6.
619 1235 695 1273 ὅσα
727 1234 849 1286 ἐστὶν]
887 1235 962 1272 ὅσα
983 1233 1094 1272 ἔνδον
1117 1233 1224 1272 ἐστὶν
1246 1232 1451 1272 Reiskius.
1497 1230 1645 1272 ‘'Evssov
1666 1232 1857 1271 additum

349 1289 501 1342 legitur
520 1289 810 1329 tantummodo
833 1304 872 1342 p.
892 1302 1010 1335 1110,
1037 1302 1095 1328 10.
1118 1303 1200 1328 11011
1222 1287 1375 1342 legitur
1395 1303 1434 1341 p.
1462 1301 1582 1335 1110,
1608 1301 1670 1337 14.
1712 1287 1856 1340 Neque

350 1359 454 1397 opus
484 1350 548 1385 est
577 1346 699 1384 addi:
746 1345 896 1398 quippe
927 1349 1071 1384 orator
1104 1345 1342 1384 tabularum
1378 1343 1574 1383 articulos
1606 1343 1761 1397 passim
1796 1343 1857 1384 ita

352 1401 468 1449 citat,
492 1406 540 1441 ut
562 1401 742 1455 singulas
765 1416 883 1441 voces
906 1415 988 1440 non
1009 1400 1265 1440 adnumeret.
1301 1400 1559 1439 SCHAEF.

412 1470 532 1507 1124,
561 1470 622 1498 10.
655 1458 718 1497 οἶα
747 1459 894 1508 πολλὰ]
933 1458 973 1496 S.
999 1458 1082 1496 ἐστὶ
1113 1459 1160 1496 τὰ
1189 1457 1421 1507 ἀνθρώπινα.
1484 1455 1578 1494 Noli
1609 1455 1857 1509 conjungere

350 1513 413 1552 οἶα
445 1516 577 1552 πολλὰ
609 1514 704 1562 ἐμοὶ,
740 1513 893 1553 scilicet
931 1512 1092 1562 συνέβη.
1126 1512 1315 1551 WOLF.
1378 1513 1512 1551 Recte
1546 1511 1729 1551 monuit:
1761 1525 1857 1551 nam

349 1569 456 1608 mille
475 1569 599 1609 modis
621 1569 685 1609 leti
705 1569 860 1609 miseros
880 1583 982 1608 mors
1002 1569 1262 1621 ‘esnafivtissaff
1297 1568 1553 1607 SCHAEF.

411 1637 531 1675 1124,
553 1638 567 1663 Ι
582 1638 614 1664 1.
638 1626 875 1677 ἐὸικάζοντα]
906 1625 954 1663 F.
978 1624 1260 1672 ἐπεδικάζοντο.
1300 1624 1424 1663 Unde
1447 1625 1619 1669 ἐπίδικοι,
1644 1625 1683 1663 αἱ
1703 1623 1856 1672 ἐπίκλη-

350 1696 422 1731 ροι.
447 1680 638 1720 WOLF.
702 1681 794 1720 Hoc
815 1680 1071 1733 adscriptum
1094 1679 1135 1718 in
1159 1680 1199 1719 S.

414 1748 531 1785 1124,
559 1749 621 1788 17.
654 1738 706 1776 ὧν
735 1738 807 1787 μὲν
837 1736 1098 1786 ἀπεστέρηκεν
1131 1754 1162 1774 κ.
1184 1752 1217 1774 τ.
1239 1736 1299 1787 λ.]
1339 1734 1557 1775 Concludit
1590 1734 1670 1774 sic:
1714 1733 1857 1774 Ratio-

352 1806 445 1831 nem
481 1806 634 1839 eorum,
668 1806 772 1844 quae
808 1791 907 1831 mihi
941 1792 1080 1839 debet,
1113 1796 1160 1830 ut
1192 1791 1291 1830 mihi
1320 1791 1480 1838 reddat,
1517 1790 1571 1830 ad
1607 1790 1715 1829 hunc
1748 1790 1858 1829 diem

350 1847 499 1887 adduci
522 1862 565 1887 sc
586 1848 769 1887 nondum
789 1862 936 1901 passus
957 1852 1046 1893 est3
1081 1852 1124 1886 et
1145 1847 1253 1886 idem
1269 1852 1410 1886 tamen
1431 1860 1495 1885 me
1517 1846 1634 1899 quasi
1656 1846 1709 1885 ad
1730 1846 1858 1885 ratio-

351 1918 446 1943 nem
477 1919 602 1957 opum
634 1918 831 1949 mearum,
868 1918 970 1957 quas
998 1903 1149 1942 nemini
1175 1903 1320 1951 debeo,
1352 1907 1475 1943 vocat
1510 1906 1552 1942 et
1580 1901 1656 1942 sibi
1686 1906 1857 1956 arrogat

350 1959 570 2008 rationem,
593 1960 798 2012 quomodo
820 1974 890 1999 eas
910 1959 1212 2007 administrem,
1232 1974 1258 1999 a
1278 1973 1342 1998 me
1364 1963 1564 2012 repetere.
1628 1958 1742 2009 Quae
1766 1972 1857 2012 per-

352 2015 552 2055 versitas!
588 2016 783 2055 REISK.

409 2071 555 2111 οὐδέπω
588 2073 648 2112 καὶ
672 2072 854 2124 τήμερον]
895 2071 948 2110 V.
981 2086 1020 2124 p.
1051 2073 1144 2125 691,
1178 2083 1213 2110 2.
1268 2071 1522 2110 personatus
1554 2069 1856 2110 Demosthenes

352 2142 392 2180 p.
413 2140 530 2178 1144,
559 2141 622 2166 11.
659 2128 806 2166 οὐδέπω
847 2127 907 2166 καὶ
945 2131 1024 2166 νῦν.
1086 2127 1206 2177 Quod
1239 2126 1390 2180 legitur
1424 2126 1550 2165 etiam
1585 2140 1624 2178 p.
1647 2127 1765 2179 1283,
1791 2135 1855 2180 25.

357 2195 476 2235 1294,
497 2184 559 2224 26.
588 2183 672 2234 [ubi
693 2183 786 2222 libri
809 2182 954 2235 optimi
978 2183 1091 2232 mvl]
1123 2183 1240 2235 1296,
1265 2195 1325 2235 15.
1362 2181 1606 2221 SGHAEF.

414 2251 429 2276 1
443 2251 533 2288 124,
554 2251 617 2279 21.
649 2239 736 2279 τοὺς
755 2240 827 2288 μὲν
849 2239 1008 2287 ἄλλους]
1044 2237 1184 2291 -Junge
1205 2238 1292 2279 τοὺς
1313 2239 1457 2278 ἄλλους
1478 2237 1563 2278 τοὺς
1584 2235 1742 2279 οἰκέτας,
1766 2242 1857 2277 eete-

351 2307 416 2332 ros
456 2294 524 2346 qui
562 2295 665 2333 servi
703 2300 803 2341 sant,
845 2299 980 2333 ceteros
1018 2306 1159 2332 servos.
1220 2292 1457 2346 Opponitur
1496 2293 1605 2333 οὗτος
1645 2294 1665 2331 ὁ
1706 2295 1855 2334 δοῦλος.

356 2349 600 2390 SCHAEF.

413 2416 531 2454 1124,
558 2417 621 2457 25.
659 2406 700 2443 ἐκ
730 2405 890 2457 τούτων]
932 2404 981 2443 Id
1010 2409 1073 2443 est
1109 2405 1150 2443 ἐκ
1183 2407 1248 2443 τοῦ
1284 2402 1464 2451 ἐξετάσαι
1496 2404 1575 2454 ἐμὲ,
1612 2403 1675 2443 vel
1707 2404 1749 2443 ἐκ
1781 2407 1857 2443 τῶν

353 2462 495 2512 λόγων,
519 2461 583 2502 οὓς
604 2465 767 2500 ποιεῖται
787 2461 873 2510 περὶ
894 2462 958 2509 τῆς
979 2461 1067 2509 ἐμῆς
1089 2460 1265 2500 ἀσωτίας.
1298 2459 1491 2498 REISK.

415 2530 533 2566 1124,
556 2518 619 2557 26.
643 2517 694 2570 τῷ
716 2516 864 2568 ταχέως
884 2517 1057 2565 βαδίζειν
1079 2516 1141 2555 καὶ
1161 2519 1303 2554 λαλεῖν
1323 2515 1439 2566 μέγα]
1467 2514 1518 2554 V.
1542 2515 1596 2555 ad
1617 2529 1656 2568 p.
1675 2516 1771 2568 981,
1790 2524 1854 2568 25.

354 2573 614 2612 SCHAEF.

412 2639 534 2680 1125,
555 2641 593 2680 3.
623 2629 677 2669 εἰς
703 2627 771 2676 τὴν
799 2628 916 2666 πόλιν
944 2630 986 2665 et
1016 2627 1067 2667 εἰς
1094 2627 1189 2675 ὑμᾶς
1216 2630 1416 2679 tanquam
1447 2640 1673 2679 synonyma
1699 2639 1855 2678 ponun-

354 2688 424 2723 tur
443 2699 450 2722 :
485 2698 590 2736 quae
611 2687 675 2723 est
697 2682 843 2723 callida
865 2681 1049 2736 captatio
1070 2681 1391 2721 benevolentiae.
1429 2682 1686 2721 SCHAEF.

414 2751 532 2791 1125,
556 2752 618 2781 12.
643 2740 772 2790 ὥσπερ
795 2737 1161 2792 στὶ-κατῄσχυνας]
1184 2739 1219 2777 οἱ
1240 2739 1313 2789 γὰρ
1334 2739 1578 2790 ἡταιρηκότες
1598 2737 1722 2788 ἄτιμοι
1742 2737 1854 2787 ἦσαν.

354 2796 610 2834 SCHAEF.

413 2863 489 2892 112
492 2861 531 2903 5,
564 2860 627 2904 15.
669 2849 796 2904 οὗτος]
841 2848 1069 2888 Phormio:
1114 2863 1166 2888 nc
1205 2848 1296 2902 quis
1337 2849 1388 2888 de
1429 2848 1643 2902 Stephano
1683 2846 1851 2901 cogitet.

353 2906 608 2946 (“1”61161111116
639 2920 746 2946 6111111
777 2909 918 2946 orator
948 2909 1090 2945 noster
1119 2919 1144 2945 a
1176 2905 1355 2946 secunda
1389 2919 1566 2959 peisona
1601 2904 1655 2945 ad
1684 2902 1852 2944 tertiam
