1935 3200
284 115 394 160 1396
750 113 973 153 ORATIO
1006 113 1317 155 FUNEBRIS.

283 226 406 275 urget
434 220 728 268 laudationem,
750 220 823 260 sed
844 233 894 259 ex
922 220 1023 273 lege,
1042 233 1148 273 quae
1170 219 1286 272 quasi
1310 219 1359 259 de
1381 219 1586 260 industria
1615 224 1787 274 propter

282 278 341 317 rei
362 276 693 331 magnitudinem
724 290 806 315 non
837 275 1014 315 multum
1034 275 1193 315 oratori
1215 275 1415 328 temporis
1443 275 1497 315 ad
1527 276 1786 316 conscriben-

283 334 379 373 dam
411 333 613 373 concedat
645 331 889 379 orationem,
915 331 1080 371 futurae
1111 330 1152 370 in
1183 331 1356 371 dicendo
1387 331 1688 372 mediocritatis
1718 346 1787 372 ex-

282 389 540 429 cusationem
571 388 647 428 sibi
681 387 802 441 petit.
863 387 1093 427 Exordium
1126 387 1227 427 scite
1262 386 1474 426 inventum
1504 391 1547 426 et
1577 387 1787 441 eleganter

282 445 570 498 compositum.
635 444 726 494 Qua
753 443 795 482 in
823 457 867 483 re
898 442 1098 496 imprimis
1127 442 1362 482 excelluisse
1386 442 1552 496 Lysiam
1572 442 1693 483 testis
1723 448 1787 484 est

283 500 507 554 Dionysius
535 500 632 540 Hal.
657 500 747 552 jud.
770 500 808 539 d.
834 499 928 552 Lys.
951 499 1197 552 17.—Plato
1227 498 1424 539 lectorem
1456 498 1601 539 statim
1633 499 1675 538 in
1705 514 1787 539 me-

283 556 395 597 diam
426 571 513 596 rem
544 555 705 595 inducit
735 555 819 595 ita:
853 555 932 595 rite
962 555 1096 594 soluto
1128 555 1227 607 jam,
1252 555 1361 607 quod
1392 555 1567 595 mortuis
1598 555 1784 603 debetur,

282 617 416 654 restat
447 617 494 652 ut
524 612 769 660 orationem,
796 625 900 665 quae
932 611 1022 664 lege
1052 610 1282 650 constituta
1311 625 1515 664 quamque
1547 610 1691 650 haberi
1723 611 1787 651 fas

283 673 358 717 est,
382 668 569 708 dicamus
590 668 831 712 funebrem;
865 667 990 706 debet
1016 681 1065 706 ea
1090 671 1231 706 autem
1259 666 1319 706 ita
1347 680 1434 707 esse
1463 671 1716 720 comparata,
1738 671 1787 706 ut

282 730 469 765 mortuos
509 728 609 778 apte
649 723 804 770 laudet,
841 723 991 762 liberos
1032 723 1084 762 ad
1120 722 1318 762 virtutem
1356 722 1550 776 impellat,
1588 727 1786 776 parentes

283 779 943 820 consoletur.—De1nosthenicae
962 793 1058 818 vero
1080 778 1279 819 orationis
1302 778 1392 818 vide
1414 793 1537 831 quam
1555 778 1723 832 vulgare
1744 784 1787 818 et

283 851 499 877 commune
521 836 761 876 exordium:
794 835 952 885 Ἐπειδὴ
978 835 1066 876 τοὺς
1099 836 1141 874 ἐν
1162 836 1257 888 τῷδε
1285 837 1336 887 τῷ
1364 834 1474 888 τάφῳ
1498 835 1692 884 κειμένους
1717 836 1785 874 ἄν·

1445 945 1687 961 ἈἈἈ

284 1006 477 1044 ἐσκόπουν
504 1005 576 1054 μὲν
611 1004 719 1044 εὐθὺς
749 1004 850 1044 ὅπως
880 1006 947 1041 τοῦ
978 1002 1240 1052 προσήκοντος
1273 1004 1430 1042 ἐπαίνου
1462 1003 1671 1051 τεύξονται,
1705 1001 1788 1050 ἐξε-

284 1060 405 1108 τάζων
437 1062 478 1099 δὲ
515 1060 576 1099 καὶ
610 1063 766 1098 σκοπῶν
797 1059 909 1107 ἀξίως
947 1060 1070 1098 εἰπεῖν
1101 1062 1176 1097 τῶν
1206 1059 1534 1108 τετελευτηκότων
1565 1058 1608 1097 ἕν
1640 1075 1675 1097 τι
1710 1062 1786 1097 τῶν

283 1116 481 1155 ἀδυνάτων
518 1117 696 1166 εὕρισκον
728 1114 784 1160 ὃν,
815 1132 848 1153 κ.
873 1131 905 1153 τ.
932 1119 969 1153 λ.
1032 1113 1135 1153 Cum
1170 1113 1394 1167 placuisset
1432 1113 1595 1167 populo,
1628 1114 1785 1153 obtem-

282 1171 436 1224 peravi.
500 1171 549 1209 In
577 1170 727 1223 quibus
758 1169 859 1208 nihil
887 1169 1052 1222 quidem
1083 1183 1272 1222 perverse
1304 1169 1474 1217 dictum,
1502 1169 1574 1209 sed
1604 1183 1653 1209 ea
1683 1169 1786 1209 desi-

282 1227 454 1267 deratur
494 1241 604 1271 eura,
643 1240 766 1279 quam
808 1225 1114 1265 Demosthenes
1154 1225 1195 1264 in
1234 1225 1527 1279 componendis
1567 1225 1786 1279 prooemiis

284 1283 446 1323 solebat
469 1296 634 1336 ponere.

340 1339 487 1393 Pergit
521 1343 687 1378 orator:
722 1339 859 1387 ὁμοίως
889 1337 1022 1387 μέντοι
1055 1340 1308 1389 διαλεχθῆναι
1348 1341 1426 1379 τοῖς
1465 1338 1653 1388 πρότερόν
1693 1354 1787 1377 ποτε

282 1397 478 1445 εἰρηκόσιν
509 1395 635 1434 ἐνθάδ’
667 1394 768 1433 εἶναί
791 1411 856 1444 μοι
882 1397 998 1434 δοκεῖ.
1059 1393 1268 1447 Cogitatio
1297 1393 1578 1433 Demosthene
1606 1407 1688 1432 non
1715 1393 1786 1433 ad-

281 1452 449 1490 modum
478 1450 614 1504 digna,
644 1464 765 1503 quem
793 1453 895 1502 puto
926 1449 1027 1489 alios
1052 1464 1133 1488 nou
1161 1449 1284 1488 modo
1310 1448 1462 1489 imitari
1491 1449 1679 1497 noluisse,
1713 1449 1786 1489 sed

280 1507 409 1547 ctiam
430 1507 548 1546 facile
571 1506 755 1560 potuisse
777 1505 1006 1559 superares.
1071 1505 1165 1545 Noli
1196 1509 1336 1545 autem
1367 1505 1618 1545 modestiam
1646 1505 1786 1545 existi-

280 1577 406 1609 mare,
436 1577 542 1616 quac
572 1567 636 1602 est
670 1561 808 1615 potius
840 1561 1093 1601 infirmitatis
1122 1561 1387 1609 conscientia,
1418 1576 1499 1614 qua
1531 1561 1786 1601 declamator

280 1619 519 1658 auditorum
551 1617 880 1658 benevolentiam
910 1632 957 1657 ac
989 1617 1275 1657 committendi
1309 1617 1409 1657 furti
1437 1621 1582 1670 captat
1612 1617 1783 1657 veniam.

281 1675 417 1725 Quam
445 1679 542 1728 apte
569 1678 716 1714 contra
742 1679 784 1714 et
810 1679 956 1713 ornate
984 1673 1130 1726 Lysias
1161 1688 1200 1726 p.
1223 1687 1291 1726 5¹·
1317 1674 1352 1726 ξ.
1379 1685 1414 1712 2.
1438 1674 1572 1722 “Ὀμως
1600 1674 1639 1712 δὲ
1667 1674 1686 1712 ὁ
1713 1674 1786 1723 μὲν

280 1732 400 1782 λόγος
415 1748 480 1781 μοι
497 1731 583 1781 περὶ
604 1731 761 1775 τούτων,
786 1731 805 1768 ὁ
828 1729 857 1769 δ’
877 1731 983 1781 ἀγὼν
1005 1730 1048 1768 οὐ
1072 1730 1165 1780 πρὸς
1195 1732 1242 1768 τὰ
1267 1730 1412 1768 τούτων
1434 1729 1540 1780 ἔργα,
1563 1730 1669 1768 ἀλλὰ
1689 1729 1785 1778 πρὸς

279 1788 366 1828 τοὺς
396 1788 583 1838 πρότερον
610 1785 666 1825 ἐπ’
691 1786 818 1827 αὐτοῖς
852 1787 1060 1836 εἰρηκότας.
1122 1784 1280 1825 Callide
1312 1784 1438 1824 etiam
1469 1784 1648 1824 Pericles
1676 1784 1785 1823 Thu-

278 1843 475 1896 cydideus
505 1857 539 1882 c.
562 1842 764 1895 35.-χρὴ
787 1843 1120 1892 ἐμὲ-πειρᾶσθαι
1139 1842 1244 1891 ὑμῶν
1271 1843 1336 1889 τῆς
1369 1840 1532 1880 ἑκάστου
1556 1840 1786 1890 βουλήσεώς

279 1916 321 1938 τε
343 1900 404 1938 καὶ
426 1898 537 1948 δόξης
559 1903 691 1949 τυχεῖν
720 1899 768 1939 ὡς
800 1898 862 1936 ἐπὶ
892 1902 1090 1937 πλεῖστον.
1154 1897 1244 1947 Quo
1266 1896 1433 1936 uberior
1460 1901 1600 1936 autem
1628 1896 1785 1936 oratori

278 1959 374 2007 post
395 1969 578 2008 pugnam
601 1954 932 1994 Chaeronensem
954 1954 1007 1993 ad
1029 1953 1246 1992 dicendum
1267 1951 1463 1992 materies
1491 1951 1783 2006 suppeditavit,

278 2025 328 2049 eo
362 2010 635 2050 confidentius
665 2010 845 2049 debebat
875 2009 1082 2049 affirmare
1113 2023 1156 2048 se
1184 2008 1493 2048 contentionem
1522 2023 1614 2047 cum
1641 2007 1785 2061 priori-

279 2067 356 2106 bus
378 2067 700 2119 haudquaquam
721 2066 876 2119 fugere.

338 2123 452 2172 Quae
497 2122 683 2174 sequitur
732 2136 770 2172 p.
799 2122 918 2175 1389.
961 2125 1303 2175 argumentor-mu
1343 2119 1559 2172 dispositio
1599 2123 1693 2160 tota
1733 2134 1784 2159 ex

281 2177 459 2217 Platone
480 2178 699 2230 desumpta
721 2182 796 2216 est.

462 2244 578 2283 Orat.
602 2243 818 2282 Demosth.
1032 2248 1034 2298 l

278 2299 435 2348 Ἐπειδὴ
457 2301 497 2338 δὲ
527 2300 588 2338 καὶ
619 2301 903 2349 γεγενῆσθαι
935 2315 999 2337 κα-

279 2360 355 2397 λῶς
378 2356 438 2394 καὶ
469 2357 812 2394 πεπαιδεῦσθαι
844 2354 997 2403 σωφρό-

1162 2241 1271 2281 Plat.
1297 2242 1463 2281 Menex.
1483 2243 1520 2280 6.
1543 2256 1580 2294 p.
1601 2251 1695 2294 2437.

1066 2298 1149 2346 Τὴν
1171 2297 1411 2348 εὐγένειαν
1441 2298 1510 2336 οὖν
1539 2301 1690 2347 πρῶτον
1721 2297 1784 2336 αὐ-

1032 2376 1034 2385 ‹
1067 2357 1142 2392 τῶν
1183 2353 1485 2403 ἐγκωμιάζωμεν,
1521 2354 1700 2403 δεύτερον
1742 2355 1784 2391 δὲ

280 2428 352 2452 νως
375 2411 436 2450 καὶ
465 2410 757 2460 βεβιωκέναι
786 2410 998 2459 φιλοτίμως
1032 2405 1034 2452 ἱ

279 2467 532 2516 συμβέβηκεν
555 2466 694 2513 αὐτοῖς,
715 2466 759 2514 ἐξ
773 2467 826 2504 ὧν
844 2466 998 2504 εἰκότως

278 2523 380 2571 ἦσαν
413 2525 627 2568 σπουδαῖοι,
662 2521 919 2572 αἰσχυνοίμην
950 2520 997 2559 ἂν

279 2580 315 2617 εἴ
333 2595 367 2617 τι
388 2579 532 2617 τούτων
555 2577 720 2628 φανείην
740 2576 981 2627 παραλιπών.

278 2678 400 2713 ἀγαθῶν
413 2677 527 2715 ἀνδρῶν
538 2674 639 2714 τάφον
655 2675 704 2705 κα).
720 2673 817 2712 λόγῳ.
842 2673 920 2712 ἔργῳ
935 2673 995 2712 γὰρ

278 2719 311 2748 εὖ
328 2718 529 2757 πραχθέντων
544 2718 634 2756 λόγοι
657 2716 801 2757 ῥηθέντες
818 2718 919 2746 καλῶς
936 2715 994 2745 εἰσὶ

277 2760 361 2797 τιμή.
394 2762 434 2790 V.
448 2761 527 2790 l‘lat.
542 2768 570 2799 5.
585 2772 613 2799 p.
629 2760 699 2797 236.
732 2760 841 2796 Quare
852 2760 933 2797 quod
946 2758 994 2787 ni-

279 2805 338 2833 mis
362 2804 490 2832 obscure
514 2803 702 2841 significavit
721 2801 900 2831 Schleierm.
920 2801 946 2829 Ι.
968 2810 992 2829 1.

278 2856 306 2883 p.
325 2846 413 2883 367„
430 2852 466 2874 ut
491 2844 581 2874 Plato
601 2844 796 2883 Thucydidis
820 2843 993 2873 orationem

278 2897 507 2925 nonnunquam
525 2887 556 2915 iu
573 2892 678 2915 mente
695 2886 850 2923 habuerit,
866 2885 914 2914 his
927 2895 994 2913 ver-

279 2929 324 2956 bis
349 2929 525 2958 evincitur:
557 2929 572 2957 ὁ
595 2927 684 2964 νόμος
707 2926 897 2965 προστάττει
921 2926 995 2955 ἀπο-

279 2970 380 2999 δοῦναι
411 2971 474 2999 τοῖς
506 2968 631 3008 ἀνδράσι
662 2969 719 2999 καὶ
756 2968 838 3007 χρή.
899 2968 993 3005 Quod

1066 2408 1247 2458 τροφήν
1282 2425 1324 2447 τε
1360 2410 1422 2448 καὶ
1461 2408 1688 2447 παιδείαν·
1722 2409 1784 2447 ἐπὶ

1067 2466 1107 2502 δὲ
1128 2465 1274 2505 τούτοις
1300 2464 1381 2513 τὴν
1402 2468 1487 2503 τῶν
1512 2464 1658 2515 ἔργων
1679 2467 1783 2514 πρᾶ-

1067 2524 1139 2568 ξιν
1179 2521 1426 2569 ἐπιδείξωμεν
1467 2521 1516 2560 ὡς
1558 2519 1680 2568 καλὴν
1721 2521 1783 2558 καὶ

1068 2576 1178 2624 ἀξίαν
1199 2577 1344 2615 τούτων
1366 2575 1630 2625 ἀπεφήναντο.

1063 2684 1161 2712 quum
1189 2684 1252 2703 non
1279 2673 1482 2704 intellexisset
1503 2673 1635 2712 Dionys.
1656 2672 1730 2701 Hal.
1749 2673 1779 2701 d.

1062 2717 1145 2745 adm.
1161 2716 1191 2744 vi
1210 2716 1250 2745 D.
1269 2726 1299 2754 p.
1318 2725 1410 2753 1031.
1433 2716 1634 2746 vehementer
1656 2715 1780 2753 vitupe-

1062 2764 1155 2787 rawt.

1104 2798 1116 2821 f
1134 2800 1207 2829 Non
1223 2799 1344 2830 tollitur
1360 2800 1556 2838 perversitas,
1574 2799 1598 2829 si
1614 2809 1685 2829 cum
1700 2798 1783 2827 Din-

1061 2842 1160 2872 dorfio
1185 2843 1300 2872 scribas
1316 2854 1322 2870 z
1351 2841 1451 2871 ἐνθαδὶ
1478 2840 1567 2878 κάμοὶ
1594 2841 1688 2878 δοκεῖ,
1717 2841 1781 2869 imo

1060 2890 1206 2922 augetur,
1222 2884 1247 2914 si
1264 2894 1335 2914 cum
1353 2883 1490 2924 Tayloro
1515 2881 1618 2913 ἐνθάδε
1635 2883 1697 2912 δεῖν
1714 2882 1779 2919 ἐμοὶ

1061 2927 1154 2955 δοκεῖ.
