1956 3236
732 839 1011 884 XXXVII.

323 987 722 1038 ADVERSUS
793 987 1162 1038 PANTAEN
1177 986 1415 1038 ETUM.

695 1149 1048 1174 —.*—.—

170 1297 338 1337 Scnn‘m
361 1297 463 1337 haec
484 1296 620 1337 oratio
641 1302 706 1336 est
728 1296 893 1336 nomine
917 1296 1120 1337 Nicobuli.
1158 1296 1211 1335 V.
1233 1311 1270 1350 p.
1297 1307 1391 1350 973.
1423 1296 1625 1335 REISK.

112 1354 176 1393 De
197 1358 385 1406 tempore
412 1353 532 1406 hujus
560 1352 762 1393 orationis
784 1358 950 1393 tuntum
973 1358 1139 1393 constat
1162 1358 1364 1406 quantum
1387 1367 1437 1392 ex
1466 1367 1505 1405 p.
1532 1354 1627 1405 968,

118 1423 149 1449 ι.
173 1409 308 1463 colligi
336 1415 489 1463 potest,
513 1410 536 1448 i.
560 1424 594 1449 e.
617 1409 805 1449 habitam
827 1424 916 1449 esse
946 1414 1042 1463 post
1065 1409 1342 1463 Theophilum
1370 1409 1627 1454 archontcm,

111 1465 180 1518 qui
203 1480 429 1520 cponymus
451 1465 529 1506 fuit
553 1466 714 1519 Olymp.
740 1468 830 1512 108,
855 1479 889 1505 1.

591 1658 642 1697 In
663 1664 936 1712 argmmentum
958 1656 1141 1697 Libaniz'.

167 1744 261 1794 963,
286 1752 324 1793 7.
360 1743 428 1783 τὰς
461 1741 561 1782 ὠνὰς
597 1741 703 1794 εἶχεν
738 1740 870 1795 αὐτὸς]
905 1741 1037 1781 Haud
1070 1741 1169 1788 scio,
1201 1755 1254 1780 an
1286 1740 1534 1795 mancipem,
1565 1755 1626 1781 re-

109 1797 340 1837 demtorem
367 1802 441 1837 aut
462 1797 747 1850 fidejussorem
777 1797 913 1837 dicere
941 1797 1076 1837 liceat.
1139 1797 1220 1836 Sed
1244 1797 1352 1836 malo
1379 1798 1433 1836 ad
1456 1797 1626 1837 verbum

109 1858 269 1893 vertere
304 1869 428 1908 quam
463 1853 634 1893 nimium
669 1854 710 1893 in
748 1868 791 1893 re
828 1853 951 1893 (lubin
989 1853 1089 1892 mihi
1132 1853 1387 1906 permittere.
1435 1853 1626 1894 WOLF.

109 1910 302 1963 Illanceps
330 1925 411 1949 non
442 1910 642 1963 ineptum.
706 1910 771 1949 Sic
796 1910 893 1963 jura
923 1909 1078 1948 domini
1106 1909 1301 1957 habebat,
1326 1924 1432 1962 quae
1460 1909 1625 1962 potiora

109 1971 207 2006 sunt
239 1981 363 2019 quam
396 1966 591 2019 simplicis
627 1966 857 2005 creditoris.
913 1966 1032 2005 Conf.
1058 1981 1096 2019 p.
1124 1968 1217 2019 894,
1244 1978 1308 2016 27.
1361 1966 1466 2004 Mox
1498 1980 1533 2004 v.
1560 1978 1623 2005 12.

108 2026 157 2062 ut
185 2022 346 2061 diversa
373 2027 751 2062 commemorantur
778 2026 1042 2074 γραμματεῖον
1070 2021 1264 2072 ὑποθήκης
1291 2027 1333 2061 et
1362 2026 1626 2073 γραμματεῖον

108 2078 301 2130 πράσεως.
337 2078 586 2118 SCHAEF.

166 2136 262 2188 964,
292 2147 353 2187 13.
378 2134 508 2188 αὐτοῦ]
532 2134 596 2174 De
624 2133 934 2174 constructione
957 2133 1071 2173 verbi
1100 2134 1280 2186 κατέχειν
1301 2148 1393 2173 cum
1421 2133 1498 2174 hoc
1527 2148 1625 2174 casu

108 2204 147 2230 v.
173 2190 220 2230 L.
246 2190 358 2230 Bosii
387 2191 530 2245 Ellips.
559 2206 597 2245 p.
619 2204 689 2242 44.
752 2190 969 2230 Philemon
1000 2190 1170 2230 Stobaei
1193 2206 1232 2244 p.
1255 2201 1350 2243 374.
1373 2190 1437 2230 ed.
1464 2190 1624 2230 Schow.

107 2246 150 2286 τὸ
177 2249 252 2298 γὰρ
281 2251 492 2299 κατασχεῖν
521 2249 604 2287 ἐστι
632 2250 696 2296 τῆς
724 2248 841 2298 ὀργῆς
870 2249 999 2288 πόνος.
1032 2246 1102 2286 ubi
1131 2261 1277 2286 vereor
1304 2261 1355 2286 ne
1378 2246 1625 2286 Gaisfordus

107 2302 185 2342 vol.
213 2316 247 2342 1.
268 2318 307 2356 p.
332 2305 428 2355 380.
452 2308 494 2343 et
519 2303 755 2343 Meinekius
778 2318 818 2356 p.
843 2315 941 2354 417.
973 2306 1038 2352 τῆς
1068 2305 1186 2354 ὀργῆς
1217 2303 1258 2341 in
1289 2303 1359 2353 τὴν
1390 2303 1511 2354 ὀργὴν
1539 2302 1626 2341 sine

108 2373 254 2398 caussa
274 2359 541 2399 mutaverint.
590 2360 675 2399 Nec
696 2359 913 2399 miraberis
935 2359 1041 2398 hanc-
1063 2359 1427 2407 constructionem,
1451 2358 1484 2398 si
1505 2373 1625 2411 repu-

107 2415 262 2455 tax-eris
294 2416 409 2467 cujus
440 2416 658 2455 verborum
691 2416 833 2455 classis
865 2414 920 2455 sit
952 2415 1143 2467 κατέχειν.
1206 2414 1321 2455 Conf.
1357 2429 1463 2468 quae
1493 2429 1626 2468 nuper

107 2471 248 2511 monui
268 2471 322 2511 ad
346 2471 521 2511 Porsoni
545 2472 659 2511 Med.
683 2486 722 2525 p.
748 2483 813 2523 77.
837 2471 898 2510 ed.
922 2475 1021 2511 tert.
1048 2471 1160 2524 Lips.
1194 2470 1440 2511 SCHAEF.

166 2659 260 2710 966,
289 2671 322 2696 Ι.
350 2659 598 2707 Δεδωκότων,
627 2657 655 2698 ὦ
685 2660 821 2710 ἄνδρες
849 2658 1041 2705 δικασταὶ,
1062 2660 1138 2695 τῶν
1167 2658 1295 2705 νόμων
1323 2673 1354 2694 κ.
1374 2671 1407 2694 τ.
1424 2653 1484 2708 λ.]
1509 2654 1626 2694 Idem

105 2713 323 2753 exordium
353 2713 555 2754 orationis
586 2714 774 2768 proxime
805 2713 1017 2767 sequentis
1047 2717 1196 2752 contra
1226 2710 1552 2750 Nausimachum
1583 2715 1625 2749 et

108 2769 397 2823 Xenopithem
424 2784 463 2822 p.
488 2770 582 2822 984,
606 2770 955 2823 quemadmodum
985 2782 1091 2821 quae
1119 2767 1227 2807 infra
1246 2781 1286 2821 p.
1313 2768 1408 2820 983,
1433 2767 1485 2805 26
1508 2779 1622 2819 seqq.

106 2825 314 2879 leguntur,
346 2825 492 2865 iisdem
523 2826 608 2866 fere
641 2826 776 2866 verbis
810 2829 979 2865 exstant
1009 2825 1051 2863 in
1088 2823 1223 2863 altera
1259 2823 1327 2862 illa
1361 2821 1551 2861 oratione
1581 2835 1621 2874 p.

109 2882 268 2989 9935}
286 2948 322 2976 2.
347 2938 461 2988 ἀφεὶς
483 2937 543 2976 καὶ
565 2936 814 2990 ἀπαλλάξας]
837 2937 891 2975 V.
913 2936 967 2975 ad
988 2950 1026 2988 p.
1052 2946 1146 2988 952,
1169 2946 1231 2972 ΙΙ.
