1935 3200
288 135 399 173 1204
641 131 963 172 ADVERSUS
1007 131 1454 172 MACARTATUM.

350 239 469 290 1067,
495 238 530 276 8.
562 239 630 276 ἐὰν
660 238 700 276 ἐκ
731 241 807 276 τῶν
838 237 962 276 αὐτῶν
994 237 1081 286 ὦσι]
1111 237 1166 274 H.
1189 250 1223 275 e.
1253 235 1286 275 si
1317 235 1401 275 sint
1429 249 1479 275 ex
1509 235 1653 275 eodem
1682 242 1801 289 patre

288 299 331 333 et
354 308 403 333 ex
426 293 568 333 eadem
590 297 747 333 matre:
773 306 854 347 quo
877 292 1153 332 excluduntur
1174 292 1324 331 fratres
1347 305 1367 330 e
1390 290 1561 330 diversis
1582 291 1797 332 matribus.

291 349 485 388 REISK.

348 405 409 444 καὶ
441 407 509 444 ἐὰν
537 405 644 456 γένει
674 403 877 457 ἀπωτέρω]
904 404 971 444 Sic
996 403 1288 457 Theopompus
1317 402 1396 442 erit
1420 402 1653 443 Eubulidae
1681 417 1800 456 prae-

287 461 507 500 ferendus:
541 474 637 500 nam
666 460 864 515 cognatio
893 474 987 500 cum
1010 459 1179 513 Hagnia
1207 464 1271 499 est
1296 473 1321 498 a
1344 458 1639 512 Phylomache,
1661 473 1802 512 quam-

289 516 350 556 vis
371 517 555 570 ejusdem
577 516 756 556 familiae
782 517 848 556 sit.
887 515 1077 556 WOLF.
1133 514 1332 569 Appellat
1353 514 1466 566 γένος
1486 515 1708 554 articulum
1730 529 1801 555 seu

287 573 465 627 gradum
495 572 658 627 generis
687 573 728 612 in
756 572 865 612 linea
895 572 1186 619 descendente,
1217 575 1264 611 ut
1299 570 1341 610 in
1372 584 1519 610 caussa
1549 571 1626 610 hac
1658 575 1803 611 nostra

290 629 519 669 Eubulides
555 628 705 669 tertius
740 629 902 669 ratione
938 628 1076 679 γένους
1116 641 1187 666 seu
1224 627 1368 666 ordine
1405 627 1601 666 nascendi
1642 627 1803 666 duobus

289 684 475 726 distabat
507 685 706 740 gradibus
742 686 795 725 ab
829 684 1010 738 Hagnffl,
1047 684 1313 724 Macartatus
1343 686 1485 722 autem
1518 697 1600 722 uno
1638 688 1803 723 tantum

288 741 450 795 gradu:
498 756 579 795 quo
610 742 739 781 fiebat
770 747 817 781 ut
853 741 1117 780 Macartatus
1146 740 1254 790 γένει
1284 743 1393 779 esset
1425 739 1630 790 ἐγγυτέρω,
1660 739 1803 779 Eubu-

288 797 392 837 lides
419 803 560 838 autem
589 797 783 848 ἀπωτέρω.
818 796 1011 837 REISK.
1074 795 1140 835 Sic
1170 797 1231 835 καὶ
1262 797 1330 835 ἐὰν
1358 795 1605 835 vertendum
1634 795 1800 835 etiamsi.

292 853 547 894 SOHAEF.

355 912 470 961 1067,
502 924 559 950 10.
597 910 712 962 μέχρι
753 910 978 961 ἀνεψιαδῶν
1018 907 1199 962 παίδων.]
1241 907 1356 959 μέχρι
1396 909 1556 955 παίδων,
1594 921 1712 961 usque
1749 907 1807 947 ad

290 965 426 1006 liberos
466 965 721 1006 sobrinornm.
764 966 820 1003 W
826 965 955 1005 OLF.
1018 964 1202 1004 Videtur
1232 963 1409 1003 VVolfius
1450 977 1536 1003 voc.
1577 964 1803 1015 ἀνεψιαδῶν

290 1023 502 1062 sublatum
532 1022 719 1062 voluisse.
762 1023 909 1061 παίδων
931 1022 1046 1061 uncis
1075 1020 1220 1060 inclusi
1248 1033 1340 1059 meo
1364 1019 1533 1072 judicio,
1557 1020 1667 1072 quod
1694 1019 1804 1059 vide-

289 1085 360 1119 tur
380 1094 402 1119 e
425 1079 540 1119 varia
561 1079 737 1118 lectione
759 1083 916 1125 natum.
939 1077 1030 1118 aliis
1051 1076 1167 1116 libris
1190 1075 1387 1116 dantibus
1409 1075 1543 1128 μέχρις
1564 1074 1802 1127 ἀνεψιάδων,

289 1134 396 1182 aliis,
434 1135 543 1188 quod
580 1135 688 1174 idem
729 1140 804 1181 est,
841 1135 977 1186 μέχρις
1018 1135 1194 1184 ἀνεψιῶν
1230 1133 1393 1178 παίδων,
1429 1132 1635 1186 quomodo
1677 1131 1804 1171 etiam

293 1191 595 1245 XVesselingius
623 1191 676 1231 ad
700 1190 831 1230 Petiti
862 1190 946 1229 LL.
972 1191 1066 1230 Att.
1097 1204 1135 1242 p.
1158 1189 1254 1242 584.
1283 1188 1370 1228 vult
1399 1187 1562 1242 corrigi.
1604 1187 1717 1239 μέχρι
1745 1187 1803 1226 111-

290 1247 434 1292 cludit,
465 1262 545 1287 non
578 1247 771 1287 excludit.
812 1246 1004 1286 REISK.
1066 1244 1219 1298 Recepi
1253 1243 1517 1298 Wesselingii
1548 1243 1804 1283 emendatio-

290 1318 396 1353 110111,
420 1318 544 1358 quam
573 1304 846 1343 Schoemann.
877 1303 931 1342 ad
960 1302 1122 1342 Isaeum
1154 1316 1192 1354 p.
1218 1314 1313 1353 455.
1347 1304 1468 1340 extra
1500 1299 1803 1340 dubitationem

291 1360 427 1412 posuit
453 1360 613 1400 collatis
638 1359 743 1399 lsaei
766 1359 864 1398 locis
886 1374 924 1412 p.
950 1359 1014 1412 83,
1036 1358 1072 1397 8.
1100 1360 1164 1406 84,
1186 1369 1250 1409 29.
1275 1361 1317 1396 et
1338 1370 1406 1410 34.

352 1418 474 1469 1067,
498 1430 557 1467 13-
594 1418 692 1469 νόθῳ
716 1418 756 1454 δὲ
778 1416 871 1465 μηδὲ
900 1416 1064 1465 νόθῃ-]
1102 1413 1218 1453 Conf.
1242 1412 1553 1465 Aristophanes
1577 1412 1655 1451 ΑΥ.
1681 1413 1799 1462 1664.

291 1473 550 1512 SCHAEF.
612 1473 665 1511 V.
691 1472 740 1511 de
764 1471 841 1510 hac
870 1471 959 1524 lege
982 1470 1257 1510 Sehoemann.
1282 1469 1430 1521 Antiq.
1455 1468 1565 1521 publ.
1591 1482 1628 1521 p.
1656 1478 1742 1520 197.

348 1529 713 1582 νόθῳ-ἄρχοντος]
752 1527 870 1567 Haec
912 1523 1056 1566 iisdem
1092 1525 1227 1565 verbis
1268 1525 1463 1579 leguntur
1494 1524 1606 1577 apud
1640 1523 1803 1564 Isaeum

289 1600 327 1638 p.
352 1587 419 1631 61,
444 1588 481 1624 6.

354 1643 469 1690 1067.
498 1654 559 1693 15.
590 1640 651 1679 ἀπ’
677 1641 888 1680 Εὐκλείδου
917 1640 1122 1691 ἄρχοντος]
1150 1638 1279 1678 Recte
1305 1635 1601 1677 animadvertit
1624 1635 1801 1684 petitus,

289 1697 373 1737 tria
395 1698 495 1737 haee
518 1697 643 1736 verba
665 1701 827 1750 partem
853 1696 953 1749 legis
976 1710 1057 1735 non
1087 1709 1187 1741 esse,
1212 1695 1284 1733 sed
1306 1708 1331 1733 a
1352 1693 1488 1732 scriba
1508 1696 1603 1746 post
1631 1697 1803 1732 exactos

289 1753 465 1807 triginta
486 1758 688 1806 tyrannos
709 1752 855 1792 addita
878 1766 981 1799 esse,
1005 1765 1085 1804 quo
1107 1755 1331 1797 constaret,
1355 1764 1405 1788 ex
1427 1763 1508 1802 quo
1529 1753 1716 1802 tempore
1736 1748 1803 1788 lex

290 1809 358 1849 illa
390 1809 525 1849 valida
558 1808 756 1862 inciperet
788 1823 889 1847 esse.
954 1807 1007 1846 V.
1034 1822 1072 1861 p.
1098 1819 1190 1860 713,
1216 1819 1280 1847 20.
1306 1817 1399 1857 742,
1422 1819 1484 1844 11.
1538 1804 1804 1858 Quapropter

288 1866 394 1906 hanc
428 1864 627 1919 temporis
664 1871 807 1904 notam
840 1865 892 1904 ab
927 1863 1017 1917 ipsa
1048 1863 1137 1916 lege
1172 1862 1391 1915 interjecto
1424 1865 1579 1914 puncto
1613 1860 1801 1900 discrevi.

289 1922 406 1962 Sitne
432 1922 532 1962 haec
561 1921 626 1961 lex
655 1921 828 1965 Solonis.
853 1921 963 1975 quod
991 1920 1123 1959 voluit
1146 1918 1324 1965 Petitus,
1347 1932 1400 1957 an
1428 1916 1649 1964 recentior,
1672 1916 1804 1970 possit

288 1993 339 2018 ex
368 1979 445 2018 hac
472 1977 699 2031 appendice
728 1977 1020 2031 chronologica
1048 1975 1246 2015 dubitari.
1309 1974 1537 2014 Praeterea
1567 1972 1805 2026 suspicatur

287 2035 397 2074 idem
430 2034 611 2082 Petitus,
640 2034 766 2073 verba
795 2033 889 2083 μήτε
922 2035 1032 2083 ἱερῶν
1062 2030 1147 2082 μήθ’
1178 2033 1297 2071 ὁσίων
1333 2031 1386 2070 ab
1418 2030 1507 2084 ipso
1540 2029 1690 2069 Solone
1720 2043 1804 2068 non

289 2105 378 2130 esse
408 2091 607 2144 profecta,
638 2090 709 2130 sed
742 2089 872 2129 serius
902 2088 1059 2129 addita.
1123 2087 1164 2127 Si
1195 2087 1260 2127 lex
1292 2087 1382 2141 ipsa
1409 2101 1434 2126 a
1465 2085 1615 2126 Solone
1644 2089 1720 2133 est,
1753 2085 1804 2124 de

289 2161 370 2201 quo
402 2161 483 2185 non
515 2151 695 2194 constat,
729 2145 785 2184 nil
817 2145 990 2198 impedit
1024 2143 1242 2197 quominus
1269 2143 1356 2196 ipse
1389 2142 1513 2181 Solon
1545 2141 1670 2181 etiam
1701 2141 1804 2181 haec

288 2202 570 2255 adscripserit.
634 2202 713 2242 Sed
737 2202 813 2241 hoc
844 2207 907 2241 est
928 2200 1130 2254 apel‘tiuS‚
1153 2199 1395 2241 vocabulum
1419 2198 1624 2237 κοινωνίαν
1645 2197 1800 2237 deesse.

288 2260 426 2312 IVeque
460 2258 596 2312 spurio
628 2272 746 2311 neque
780 2258 943 2310 spuriae
974 2255 1151 2296 convenit
1180 2256 1400 2307 ἀγχιστεία,
1432 2267 1552 2307 neque
1585 2253 1803 2293 communio

287 2329 490 2355 sacrorum
530 2314 756 2354 civilium&
782 2313 960 2365 jurium.
1003 2312 1205 2351 REISK.
1287 2310 1381 2350 Non
1424 2310 1542 2350 deest
1584 2310 1799 2349 κοινωνίαν.

289 2371 438 2425 Spurio
467 2371 705 2423 sparsaeque
736 2383 782 2408 ne
812 2375 885 2408 esto
905 2369 977 2421 jus
1008 2367 1267 2407 ancln'stiemn
1297 2367 1340 2406 ‘in
1369 2380 1487 2406 sacra
1515 2364 1687 2420 bonaque
1707 2365 1804 2417 pri-

288 2434 395 2467 vata.
458 2424 799 2473 P110ti11s‚‘'0‹na,
829 2427 876 2463 τὰ
908 2426 1075 2464 ἰδιωτικὰ
1107 2424 1168 2462 καὶ
1197 2423 1248 2473 μὴ
1281 2422 1377 2474 ἱερά.
1440 2421 1496 2461 Η.
1520 2421 1545 2461 l.
1579 2422 1629 2461 de
1660 2421 1804 2461 haere-

288 2483 421 2523 ditate
462 2481 786 2535 intelligendum.
850 2479 902 2519 V.
935 2484 1019 2520 not.
1053 2480 1107 2519 ad
1140 2494 1177 2532 p.
1206 2479 1327 2528 1081,
1356 2492 1389 2518 1.
1423 2477 1675 2519 SOHAEF.
1734 2476 1802 2516 Ex

288 2540 424 2580 verbis
456 2538 519 2579 ἀπ’
553 2538 763 2578 Εὐκλείδου
800 2537 989 2588 ἄρχοντος
1025 2535 1126 2575 1111111
1166 2534 1279 2575 aliud
1320 2534 1454 2588 colligi
1494 2537 1636 2587 potest
1676 2547 1803 2586 quam

288 2611 435 2636 novam
467 2609 641 2648 eamque
672 2593 784 2632 haud
805 2592 928 2632 dubie
956 2592 1186 2632 auctiorem
1217 2591 1318 2646 legis
1346 2591 1546 2631 Soloneae
1576 2588 1802 2629 editionem

288 2653 443 2693 factam
475 2665 564 2691 esse
596 2649 769 2690 Euclide
799 2648 1000 2688 archonte
1024 2648 1209 2701 (Olymp.
1238 2662 1303 2700 94,
1331 2650 1414 2699 2.):
1448 2647 1498 2686 de
1531 2660 1611 2699 quo
1643 2644 1802 2698 conjec—

288 2714 425 2748 turam
448 2707 623 2762 protulit
646 2704 864 2759 Schelling.
886 2705 936 2744 de
961 2704 1121 2743 Solonis
1143 2704 1220 2757 leg.
1243 2719 1281 2757 p.
1306 2705 1372 2756 96.

348 2767 468 2817 1067,
499 2776 557 2815 17.
602 2764 646 2802 οὐ
678 2764 731 2812 μὰ
767 2760 830 2801 Δί’
863 2761 925 2813 οὐ]
961 2761 1005 2799 οὐ
1039 2762 1092 2810 μὰ
1128 2760 1195 2799 A?
1228 2760 1371 2811 οὐχὶ-
1405 2774 1443 2812 p.
1466 2768 1561 2812 523,
1587 2771 1623 2796 Ι.
1685 2756 1801 2796 Add-

286 2837 325 2875 p.
356 2833 475 2874 1445,
499 2821 536 2859 6.
572 2831 665 2872 327,
692 2831 755 2858 22.
790 2815 1038 2857 SOHAEF.

349 2880 467 2929 1067,
500 2889 562 2929 ¹23.
607 2877 650 2915 οὐ
689 2873 939 2925 προσέταξεν,
982 2874 1089 2912 ἀλλὰ
1128 2872 1301 2922 πάνυ-]
1340 2870 1465 2924 Vulg.
1501 2869 1544 2909 οὐ
1583 2867 1801 2920 προσέταξε

286 2936 418 2974 πολλὰ
446 2932 546 2972 πάνυ
574 2934 615 2971 ἐν
645 2933 695 2985 τῷ
723 2932 837 2982 νόμῳ,
862 2931 884 2969 ’ὰ
913 2932 972 2969 δεῖ
1002 2932 1128 2968 ποιεῖν
1158 2928 1245 2969 τοὺς
1273 2926 1540 2978 προσήκοντας
1570 2924 1796 2975 ἐπάναγκες·
