1925 3215
610 125 667 161 IN
701 124 1135 161 DEMOSTHENEM.

161 227 195 259 in
220 227 337 259 locum
356 225 537 258 Aeschinis
563 225 678 269 rejecti
698 236 718 257 a
736 224 773 257 P.
794 225 835 257 A.

161 272 325 310 delectus,
345 271 403 316 qui
429 282 588 305 caussam
614 271 732 314 templi
755 270 837 304 Del-

160 318 251 362 phici
278 330 340 362 pro
366 318 495 361 populo
522 316 648 350 diceret
674 327 734 361 271
759 328 836 360 pen.

161 365 225 397 fuit
248 376 315 397 una
341 375 421 397 cum
442 362 677 396 Demosthene
703 364 837 406 legatus

159 410 202 443 ad
219 410 405 443 Thebanos
432 409 578 442 foederis
599 420 681 452 ergo
699 421 779 442 cum
798 409 837 441 iis

159 456 326 490 adversus
370 455 568 499 Philippum
611 454 837 488 contrahendi

160 514 238 547 291,
258 502 289 535 6.
328 501 467 535 dictavit
493 502 585 534 illam
610 501 837 543 rogationem,

159 560 264 593 quam
290 548 367 581 tulit
394 548 623 585 Aristonicus,
644 548 685 580 (10
711 558 838 580 corona

159 606 262 628 aurea
289 593 517 627 Demostheni
542 593 657 626 danda
676 603 755 637 302,
782 593 836 626 26.

160 640 388 673 Philocratem
403 640 578 673 accusavit
590 639 668 683 376,
682 648 732 683 17.
758 646 837 682 post

159 698 313 729 pugnam
332 686 374 719 ad
388 686 626 719 Chaeroneam
644 691 764 718 auctor
778 685 836 718 fie-

159 732 217 765 bat
247 739 285 766 111
315 739 421 783 caput
449 731 592 764 minutis
623 730 836 770 redderetur,

157 779 213 811 cui
254 778 424 821 rocrationi
458 777 675 821 Aristogiton
709 776 837 810 frustra

157 824 351 857 intercessit
365 825 445 867 803,
459 833 514 867 27.
545 822 836 856 3(11’018118Τ1100-

160 870 290 903 crinein
309 876 455 903 testatur
474 843 572 912 1333,
590 878 640 910 15.

115 915 322 960 Hyperides,
343 915 551 949 Callaeschri
569 915 659 948 filius
679 924 757 958 273,
776 915 807 947 6.

113 961 227 1001 Iason,
259 962 442 1001 pheraeus,
469 961 665 994 foederatus
692 960 836 994 Atheni-

150 1008 294 1048 ,ensium
334 1007 514 1041 intercedit
555 1019 617 1050 pro
652 1006 837 1040 Timotheo

157 1054 361 1098 imperatore
395 1053 515 1097 capitis
549 1059 709 1086 accusato
737 1054 835 1097 1187,

162 1109 213 1144 15.
248 1101 392 1145 ejusque
417 1100 464 1133 rei
490 1110 613 1132 caussa
637 1099 709 1143 ipse
727 1098 835 1132 Athe—

158 1158 220 1179 nas
239 1147 331 1179 venit
349 1157 448 1189 1190,
469 1156 523 1189 23-

113 1191 276 1226 Iatrocles
294 1199 410 1226 narrat
426 1191 655 1225 Demostheni
668 1190 750 1235 quid
768 1192 835 1224 Ae-

158 1238 294 1272 schines
318 1239 457 1281 egisset,
482 1249 562 1271 cum
584 1237 742 1270 convivio
765 1237 835 1270 cui-

158 1284 238 1318 dam
265 1285 299 1318 in
324 1283 531 1317 Macedonia
556 1283 736 1316 interesset
756 1294 835 1325 402,

162 1342 202 1355 θ’)

113 1376 259 1416 Idrieus,
279 1376 399 1410 Cariae
417 1375 574 1420 dynasta,
593 1381 673 1419 post
691 1375 835 1409 Mauso-

157 1423 230 1456 lum
250 1429 282 1456 et
300 1422 522 1455 Artemisiam
540 1421 595 1464 63,
613 1431 650 1465 17

112 1468 215 1502 Ilium
233 1475 423 1512 occupatur
439 1479 457 1500 a
476 1467 684 1501 Charidemo
704 1466 782 1511 671,
802 1479 834 1512 9.

112 1514 311 1559 Illyriorum
334 1515 465 1548 bellum
491 1525 570 1547 cum
596 1513 756 1557 Philippo
783 1525 834 1558 13,

112 1607 264 1646 Imbrus,
296 1607 409 1640 insula
438 1618 543 1650 prope
567 1605 753 1639 Thraciam
777 1617 834 1649 49,

159 1653 213 1686 26.
244 1652 414 1696 expeditio
429 1652 557 1685 A.then
573 1663 653 1685 011111
671 1651 724 1685 bis
743 1652 834 1685 mille

157 1699 331 1742 peditibus
355 1699 469 1743 gravis
490 1704 684 1731 armaturae
706 1697 748 1731 ad
777 1709 834 1731 00-

156 1746 256 1778 101108
279 1745 415 1778 Atticos
440 1744 488 1778 ibi
512 1743 683 1778 tuendum
703 1743 780 1786 265,
800 1756 833 1789 9.

162 1790 329 1835 1346,12.

112 1836 265 1881 Iphiadis
293 1837 384 1870 filius
413 1848 476 1880 pro
505 1835 605 1869 Sesto
632 1835 734 1869 obses
763 1842 834 1869 erat

156 1883 248 1926 apud
268 1882 529 1921 Charidemum,
548 1893 650 1926 quem
676 1881 834 1915 obsidem

157 1940 238 1962 cum
263 1929 391 1962 Athen.
418 1927 618 1961 dediturum
650 1928 835 1971 recepisset

158 1974 401 2014 Charidemus,
425 1973 651 2018 postmodum
685 1973 833 2018 denega-

158 2021 207 2054 vit
225 2020 302 2065 679,
319 2022 358 2053 18
377 2027 409 2053 01
427 2032 506 2064 pen.

112 2066 313 2110 Iphicrates,
334 2066 502 2110 Ephialtis
528 2065 629 2105 filius,
648 2065 834 2109 imperator

157 2112 424 2145 Atheniensium
447 2112 482 2145 in
499 2111 590 2145 bello
611 2111 833 2145 Corinthiaco

157 2158 213 2200 46,
234 2169 288 2192 20.
322 2169 455 2192 moram
480 2157 832 2191 Lacedaemoniorum

158 2204 307 2237 concidit
330 2214 405 2248 172,
433 2203 486 2237 26.
518 2203 597 2244 686,
625 2215 678 2237 22.
721 2203 763 2237 ab
793 2215 833 2237 eo

157 2249 389 2283 commendati
419 2250 566 2283 Strabax
595 2257 628 2283 et
658 2250 832 2294 Polystra-

157 2302 214 2329 tus
239 2308 259 2329 a
282 2295 320 2329 P.
342 2296 425 2329 Ath.
444 2296 661 2329 honorantur
677 2296 756 2338 482,
777 2306 817 2329 2”

157 2353 301 2385 magnas
313 2353 394 2375 011111
403 2342 522 2376 Diocle
533 2342 725 2375 inimicitias
737 2354 833 2375 exer-

157 2388 227 2421 cuit
241 2397 320 2431 534,
335 2399 389 2421 22.
415 2388 578 2421 laudatur
591 2387 732 2432 534‚26.
761 2400 832 2421 me·

158 2434 321 2467 morabile
344 2434 417 2477 ejus
444 2434 694 2474 testimonium,
713 2434 833 2478 quanti

157 2479 282 2512 facelet
330 2479 433 2512 fidem
479 2479 831 2513 Lacedaemoniorum

159 2524 238 2569 6‚9‚
264 2526 297 2558 8.
339 2525 432 2569 quod
466 2525 704 2558 testimonium
736 2525 831 2569 Iphi—

157 2571 259 2604 cratis
283 2582 357 2604 esse
381 2582 459 2604 cum
481 2571 553 2604 aliis
573 2577 676 2615 negat
693 2571 766 2614 Tay
758 2572 830 2605 101.

157 2616 223 2649 fuit
249 2616 412 2659 κηδεστὴς
437 2616 526 2660 Coty
529 2628 579 2656 os,
606 2616 695 2660 regis
721 2617 832 2650 Thra·

158 2662 241 2701 0130,
270 2662 336 2695 hoc
366 2668 417 2695 est
445 2673 550 2706 penes
580 2673 615 2695 se
647 2663 682 2696 in
713 2663 832 2696 matri-

159 2708 278 2741 monio
306 2707 427 2741 habuit
456 2719 610 2741 sororem
639 2709 732 2753 ejus3
763 2720 832 2753 quo

160 2753 290 2786 factum
322 2759 362 2786 ut
402 2754 476 2798 regi
508 2753 692 2787 secundior
729 2766 833 2799 quam

159 2799 242 2842 reip.
269 2805 378 2837 esset3
416 2811 436 2832 a
464 2811 533 2844 quo
562 2806 678 2833 tamen
706 2801 832 2833 malam

158 2845 274 2878 retulit
287 2845 431 2889 gratiam
442 2859 452 2885 ;
474 2851 682 2889 quapropter
695 2857 713 2879 e
722 2846 833 2879 Thra-

159 2891 210 2924 cia
250 2891 433 2935 aufugiens
471 2890 683 2936 domumque
723 2891 834 2925 redire

159 2942 318 2971 metuens
350 2936 529 2971 Antissam
564 2937 734 2971 concessit
774 2937 833 2970 ha-

1527 126 1618 161 1481

949 224 1096 257 bitatum
1123 223 1190 268 663
1217 235 1303 268 90110
1325 228 1408 257 tota.
1448 235 1629 258 successor

948 271 977 304 ei
1012 271 1140 303 missus
1175 276 1226 303 est
1252 269 1458 303 Timotheus
1488 270 1567 315 669,
1595 280 1613 315 7

949 328 1051 361 quem
1084 316 1274 359 Iphicrates
1308 316 1495 360 majestatis
1526 328 1628 350 accu-

930 363 1037 395 'savit
1059 364 1157 407 1187,
1178 372 1208 406 7.
1238 363 1334 400 1188,
1356 373 1405 395 10.
1440 374 1560 395 verum
1587 374 1628 396 ex

949 408 1123 441 acerrimis
1154 408 1389 441 simultatibus
1420 409 1630 442 reconciliati

949 453 1240 488 necessitudinem
1271 454 1360 487 inter
1383 466 1418 487 80
1448 461 1628 488 0011113κο-

949 506 1031 534 111111
1048 511 1146 542 1204,
1164 510 1215 544 15.

904 546 1104 586 Ischander,
1131 546 1264 585 histrio,
1288 546 1507 590 Neoptolemi
1533 552 1628 580 actor

949 592 1181 626 secundarum
1212 593 1363 636 partium
1387 602 1512 643 344,
1519 618 1526 625 .
1569 604 1629 626 110-

949 639 1020 672 scio
1046 638 1182 718 indemne
1208 650 1251 671 an
1277 639 1365 672 alius
1392 639 1435 672 sit
1461 650 1488 671 is
1512 639 1571 683 qui
1594 651 1627 682 p.

948 684 1274 728 4328,(]1011111
1306 685 1348 718 ab
1379 684 1552 717 Aeschine
1584 684 1628 718 ad

948 731 1150 764 concionem
1175 730 1366 774 productus
1390 731 1571 764 simulasse
1593 742 1629 764 se

947 776 990 809 ab
1019 776 1215 810 Arcadibus
1241 776 1284 809 ad
1313 777 1350 810 P.
1373 776 1457 810 Ath.
1478 777 1626 810 missum

947 823 1073 856 venire.

903 867 1164 908 Ischomachus,
1191 874 1287 912 pater
1307 867 1506 901 Charidemi
1527 879 1626 913 1331,

949 925 1002 947 22.

903 959 1085 999 Isocrates,
1111 966 1238 999 orator,
1265 960 1344 1004 928,
1371 959 1404 992 6.
1451 959 1628 993 (1001111130

946 1006 1141 1039 mercedem
1155 1005 1314 1050 exigebat
1330 1005 1487 1038 millenas
1502 1005 1626 1039 drach-

946 1064 1020 1086 mas
1046 1053 1126 1096 938,
1144 1052 1195 1086 16.
1237 1058 1450 1085 memoratur
1468 1062 1567 1093 1240,
1595 1061 1626 1096 7.

947 1098 1165 1132 consuetudo
1195 1098 1267 1142 ejus
1298 1109 1412 1131 mores
1439 1097 1626 1137 Timothei,

948 1144 1104 1178 Cononis
1122 1144 1191 1184 filii,
1207 1143 1303 1178 haud
1321 1155 1444 1188 parum
1464 1143 1627 1177 emenda-

947 1191 995 1223 vit
1014 1199 1099 1235 1415
1103 1200 1164 1235 ,7.

902 1215 1260 1276 Ι8111111138,011101011111
1278 1234 1445 1293 1351,16.

902 1282 1174 1326 Ι11991101.Α13
1192 1283 1270 1317 Διὸς
1287 1282 1382 1326 ὁρίου
1399 1282 1435 1314 111
1451 1280 1626 1316 Cherrho-

946 1340 1030 1361 neso
1047 1328 1104 1368 86,
1122 1329 1174 1362 18.

901 1374 1207 1414 Lacedaemonius,
1226 1374 1370 1418 (nomen
1388 1373 1422 1406 id
1446 1373 1626 1418 proprium

946 1422 1026 1461 est,)
1041 1421 1141 1465 cujus
1160 1432 1313 1454 sororem
1332 1431 1413 1453 cum
1431 1419 1626 1453 Eubulides

946 1467 1128 1510 impietatis
1162 1472 1370 1506 accusasset,
1398 1466 1544 1510 rejectus
1574 1471 1626 1499 est

951 1524 1048 1557 1301,
1064 1512 1117 1546 16.
1139 1512 1237 1557 1360,
1257 1524 1287 1557 9.

901 1558 1255 1592 Lacedaemoniorum
1282 1559 1385 1602 legati
1413 1558 1549 1591 exsules
1576 1558 1625 1590 A·

946 1605 1144 1638 thenienses
1174 1604 1217 1638 ab
1238 1604 1376 1649 Argivis
1406 1610 1626 1648 reposcentes

946 1651 1051 1695 Argis
1071 1650 1234 1685 excedere
1255 1656 1333 1684 ante
1359 1650 1441 1684 solis
1462 1661 1626 1683 occasum

941 1697 1114 1749 jubentur
1128 1707 1204 1742 197,
1222 1706 1255 1740 5.
1290 1702 1500 1740 quapropter
1516 1695 1625 1729 Athe-

946 1755 1083 1776 menses
1107 1743 1142 1776 in
1161 1743 1251 1776 bello
1268 1743 1312 1776 ad
1331 1742 1547 1775 Mantineam
1565 1753 1624 1775 eos

946 1789 1177 1823 defenderunt
1194 1798 1259 1832 205
1264 1800 1317 1827 ,.1
1357 1788 1457 1832 cujus
1487 1787 1535 1820 rei
1563 1799 1624 1820 au-

946 1841 1020 1868 ctor
1037 1813 1310 1868 Atheniensibus
1327 1834 1392 1867 fuit
1406 1833 1544 1867 Callisti
1547 1839 1624 1867 atus

950 1890 1048 1925 1353,
1067 1893 1120 1926 19.
1161 1881 1210 1914 nil
1234 1881 1350 1914 valent
1378 1878 1544 1912 adversus
1573 1878 1624 1912 O-

945 1927 1110 1979 lynth'ios,
1137 1938 1156 1960 a
1181 1926 1307 1971 quibus
1336 1936 1480 1970 magnas
1508 1924 1623 1958 clades

946 1973 1118 2017 accipiunt
1139 1981 1219 2014 425,
1243 1983 1296 2005 21.
1339 1982 1477 2005 summa
1501 1982 1623 2004 eorum

945 2025 1097 2062 potestas
1115 2030 1219 2062 penes
1242 2029 1372 2062 paucos
1391 2023 1462 2050 erat
1479 2017 1558 2062 489,
1571 2028 1622 2062 19.

945 2065 1164 2099 habebantur
1176 2070 1395 2102 veteratoreS,
1411 2074 1519 2108 eoque
1538 2062 1623 2097 fides

945 2122 1065 2145 eorum
1083 2117 1155 2144 erat
1181 2116 1343 2154 suspecta
1361 2109 1526 2153 Iphicrati
1542 2108 1621 2154 659,

947 2166 978 2202 7.
1016 2168 1121 2201 quare
1147 2155 1409 2189 Lacedaemonii
1435 2154 1523 2188 odiis
1550 2161 1622 2188 tarn

944 2203 1075 2237 acerbis
1089 2208 1122 2236 et
1138 2202 1359 2236 internecinis
1376 2201 1534 2234 insectati
1553 2201 1623 2234 sint

946 2249 1162 2282 Plataeenses
1180 2254 1219 2282 ut
1242 2254 1321 2282 ante
1345 2259 1449 2292 quam
1469 2247 1534 2281 hos
1563 2246 1621 2280 de-

943 2296 1107 2328 levissent
1132 2306 1204 2328 non
1230 2294 1434 2328 desisterent
1458 2304 1556 2338 1377,
1576 2304 1619 2338 23

943 2353 974 2375 8(
988 2367 995 2374 .

898 2355 1041 2427 Laches,
1064 2386 1241 2430 Melanopi
1265 2391 1372 2430 pater,
1396 2385 1503 2419 homo
1528 2385 1620 2430 frugi

942 2433 1096 2472 habitus,
1123 2432 1250 2466 oratori
1278 2439 1394 2465 tamen
1424 2437 1619 2475 suspectus,

942 2479 985 2512 ab
1004 2490 1113 2524 eoque
1137 2479 1316 2522 peculatus
1334 2483 1422 2510 tecte
1440 2477 1620 2510 insimula-

941 2532 998 2559 tus
1016 2531 1067 2558 est
1087 2535 1163 2568 740,
1183 2535 1238 2557 21.

896 2571 1040 2610 Laches,
1059 2571 1151 2604 illius
1173 2581 1294 2613 110908,
1314 2568 1492 2611 Melanopi
1514 2567 1618 2608 filius,

942 2628 959 2650 e
989 2627 1133 2655 carcere,
1163 2616 1199 2648 in
1229 2626 1332 2659 quem
1365 2613 1409 2647 ob
1439 2614 1618 2657 peculatus

942 2662 1070 2695 crimen
1099 2661 1276 2704 conjectus
1301 2660 1426 2699 fuerat,
1449 2659 1494 2692 ob
1513 2659 1617 2692 Alex-

942 2707 1041 2740 andri
1072 2707 1124 2740 M.
1155 2705 1431 2750 deprecationem
1471 2705 1618 2739 emissus

946 2754 1044 2794 1480,
1063 2765 1096 2797 9,
1115 2758 1148 2785 01
1166 2761 1220 2795 25.

897 2799 1066 2838 Lacritus,
1101 2797 1267 2841 sophista,
1302 2797 1485 2836 Phaselita,
1516 2808 1619 2841 quem

943 2845 1029 2878 aeris
1059 2843 1164 2877 debiti
1192 2855 1263 2876 non
1293 2842 1397 2876 soluti
1430 2842 1619 2887 postulavit

944 2890 1136 2924 Androcles
1162 2889 1356 2923 foenerator
1380 2900 1400 2922 a
1424 2901 1458 2933 p.
1477 2900 1556 2934 923.
1575 2888 1619 2921 ad

944 2947 1023 2981 943.
1067 2935 1272 2980 eloquentia,
1296 2946 1400 2980 quam
1430 2934 1495 2969 sibi
1524 2945 1617 2968 arro—
