1935 3200
298 147 410 189 1278
680 143 1003 185 ADVERSUS
1038 142 1430 183 TIMOTHEUM.

360 261 478 302 1192,
504 261 568 289 22.
602 248 663 288 καὶ
692 246 1000 300 προσελθόντος]
1035 247 1096 286 καὶ
1129 261 1179 286 ex
1206 246 1260 286 A.
1285 244 1440 286 addidi.
1483 244 1642 297 Copula
1670 257 1806 283 neces-

298 305 409 346 saria
431 309 507 344 est.
559 303 667 343 Nam
688 303 722 342 si
743 302 1023 350 omitteretur,
1044 302 1201 342 rediret
1222 301 1358 341 oratio
1379 301 1433 340 ad
1454 300 1733 348 Timotheum,
1753 299 1807 338 ad

299 375 421 414 quem
452 362 742 409 ἀποδημοῦντος
771 360 907 399 τούτου
941 358 1064 398 redit.
1127 357 1287 397 Verum
1311 357 1389 396 1100
1417 370 1500 395 11011
1530 355 1691 409 patitur
1718 369 1808 394 sen-

299 416 449 464 tentia,
481 429 586 468 quae
621 414 776 468 liquido
813 414 1074 454 demonstrat
1106 413 1397 463 προσελθόντος
1428 412 1483 451 ad
1517 412 1719 451 Φιλώνδου
1746 424 1808 450 re-

300 472 400 511 dire.
463 470 682 511 Sententia
711 470 813 510 haec
832 474 918 510 est:
954 469 1183 508 Philondas
1216 482 1311 508 cum
1345 482 1367 507 e
1405 467 1669 515 Macedonia,
1700 466 1808 505 unde

299 528 411 581 ligna
431 526 645 574 afferebat,
671 525 848 565 redisset
877 540 951 579 per
977 524 1185 564 Timothei
1215 523 1449 564 absentiam
1479 523 1534 563 ad
1564 527 1810 576 patremque

300 597 436 622 meum
457 582 712 622 accessisset.
745 580 937 621 REISK.

362 651 479 691 1192,
503 650 568 691 23.
591 636 775 691 διαλύσῃ]
798 637 852 676 V.
874 637 927 676 ad
948 651 988 690 p.
1011 649 1106 689 919,
1129 648 1190 675 10.
1224 634 1474 675 SCHAEF.

361 706 480 745 1192,
505 695 570 733 26.
606 692 689 745 τὸν]
730 692 825 744 πρὸς
860 692 1040 745 August.
1078 691 1248 744 primus.
1311 690 1368 729 Et
1402 689 1458 729 510
1492 687 1666 728 correxi.
1715 701 1809 741 erya

301 749 560 797 Philondam,
595 749 635 787 h.
659 762 694 788 e.
728 762 859 787 eoram
894 747 1113 787 Philomela.
1164 747 1226 786 vel
1263 746 1475 793 constituit,
1516 744 1691 784 condixit
1722 757 1810 782 cum

303 805 521 845 Ploilonda.
583 803 813 857 Vulgatam
835 803 868 842 si
890 803 959 856 qui
988 807 1172 849 tuentur,
1195 802 1272 841 illis
1302 815 1467 841 necesse
1496 804 1560 840 est
1581 804 1628 839 ut
1649 813 1811 839 comma

301 861 560 901 transferant
580 874 606 899 a
627 861 835 899 Φιλώνδαν
865 859 919 898 ad
941 859 1171 907 συνέστησε,
1195 859 1235 897 11.
1258 872 1292 897 e.
1322 862 1364 897 et
1392 857 1449 896 sic
1480 856 1780 908 interpungant
1799 871 1807 894 z

302 918 363 956 καὶ
395 916 625 966 συνέστησε,
657 915 726 954 τὸν
757 916 966 954 Φιλώνδαν
995 915 1339 965 προσαγαγὼν-τ
1373 918 1421 953 ut
1452 910 1711 952 aecusativus
1744 910 1810 949 hic

302 987 383 1011 non
404 986 497 1011 cum
519 971 750 1020 συνέστησε,
773 970 846 1009 sed
867 984 959 1009 cum
976 971 1239 1020 προσαγαγὼν
1260 968 1561 1009 construendus
1578 966 1646 1007 sit.
1683 980 1811 1018 quem-

300 1028 514 1068 admodum
550 1026 766 1066 Timotheus
796 1040 882 1065 ozam
917 1026 1034 1065 classe
1066 1025 1262 1064 discedens
1288 1031 1449 1077 patrem
1479 1027 1697 1076 rogitaverat,
1729 1028 1812 1061 tum

297 1090 427 1136 pater,
459 1081 705 1122 Plailondam
737 1096 763 1120 (ι
792 1095 830 1120 se
861 1081 918 1120 ad
950 1095 1119 1120 mensam
1148 1081 1425 1133 arqentarsiam
1454 1093 1540 1118 cumv
1569 1077 1811 1124 adduxisset,

302 1139 513 1191 imperavit
552 1137 801 1176 Phormioni.
839 1136 1032 1176 REISK.
1094 1136 1274 1183 Erravit,
1313 1135 1423 1188 quod
1457 1134 1675 1183 συνέστησε
1710 1132 1812 1172 1111111

303 1194 416 1234 aliud
439 1194 574 1233 valere
595 1192 839 1246 opinaretur
859 1206 983 1244 quam
1006 1191 1191 1231 ἐκέλευσε
1213 1206 1243 1230 5.
1266 1192 1488 1241 διωρίσατο.
1541 1189 1596 1228 V.
1617 1189 1669 1228 ad
1693 1203 1727 1228 v.
1748 1191 1811 1228 16.

302 1250 372 1290 τὸν
392 1250 545 1302 probat
565 1248 692 1288 etiam
716 1248 900 1287 Meierus
922 1247 972 1286 de
991 1247 1084 1286 Lite
1107 1247 1200 1286 Att.
1227 1262 1266 1300 p.
1289 1256 1386 1300 503.
1450 1245 1519 1284 Ad
1548 1245 1813 1296 προσαγαγὼν

304 1305 479 1345 subaudi
502 1305 619 1344 αὐτὸν
640 1308 683 1343 et
703 1304 758 1343 ad
780 1306 911 1343 δοῦναι
933 1318 970 1342 v.
994 1313 1059 1355 27.
1083 1303 1196 1355 αὐτῷ.
1260 1301 1455 1341 Notabile
1481 1301 1559 1340 hoc
1581 1300 1813 1353 exemplum

304 1360 579 1415 parsimoniae
602 1360 857 1399 Graecorum
880 1358 921 1397 in
943 1373 1019 1397 usu
1040 1357 1345 1411 pronominum.
1379 1356 1628 1398 SGHAEF.

370 1430 485 1469 1193,
507 1429 548 1469 3.
580 1417 714 1455 τούτου
744 1415 825 1466 ἧν,)
858 1414 1275 1466 ὑπόμνημα-χρείαν]
1311 1413 1367 1453 Et
1395 1412 1513 1465 sufflas
1542 1425 1689 1465 quoque
1719 1410 1813 1462 (Ti-

306 1472 462 1512 mothei
484 1472 606 1525 puta)
631 1470 740 1524 tz‘yna
763 1476 902 1510 erant:
935 1469 1096 1509 notitiae
1116 1484 1204 1509 vero
1235 1469 1312 1508 loco
1341 1467 1517 1508 adscribi
1546 1467 1703 1507 curavit
1732 1472 1814 1506 tum

305 1528 416 1580 cujas
440 1528 498 1566 rei
528 1540 666 1566 caussa
701 1528 788 1578 (seu
819 1539 932 1579 quem
960 1525 1005 1564 in
1031 1528 1166 1575 usum)
1188 1525 1298 1564 istud
1324 1539 1388 1564 aes
1417 1539 1443 1564 a
1474 1537 1604 1563 mensa
1633 1528 1814 1562 mutuum

305 1590 396 1624 esset
414 1589 582 1623 sumtum
604 1588 683 1622 tam
707 1595 843 1621 nomen
864 1581 957 1633 ejus,
980 1581 1050 1633 qai
1073 1580 1277 1619 sumsisset.
1316 1582 1522 1630 ὑπόμνημα
1542 1583 1606 1618 est
1626 1578 1684 1626 id,
1704 1577 1815 1631 quod

307 1640 360 1679 ad
392 1638 611 1678 articulum
645 1637 929 1691 principalem,
950 1641 997 1675 ut
1024 1635 1065 1674 in
1087 1636 1240 1675 tabulis
1261 1635 1572 1682 mensal-iorum,
1595 1638 1681 1681 aut,
1704 1637 1751 1673 ut
1772 1633 1815 1672 in

306 1694 592 1749 grammatica.
619 1694 673 1734 ad
703 1693 887 1746 regulam
917 1691 1210 1731 admonitionis
1241 1691 1303 1730 vel
1334 1689 1589 1743 exceptionis
1613 1704 1711 1743 ergo
1742 1688 1815 1727 mi-

308 1749 489 1789 nusculis
516 1749 647 1789 literis
668 1748 934 1789 adscribitur.
994 1747 1079 1786 Pro
1101 1747 1359 1798 ἀπεγράψατο
1380 1746 1522 1786 malim
1542 1745 1813 1796 ὑπεγράψατο.

310 1805 505 1845 REISK.
568 1804 653 1844 Alii
684 1803 777 1843 libri
806 1803 1072 1853 ὑπομνήματα.
1138 1802 1285 1842 Malim
1306 1803 1511 1852 ὑπόμνημα
1541 1801 1572 1840 ff
1596 1800 1814 1851 ἐγράψατο.

308 1861 425 1902 Conf.
440 1876 479 1914 p.
493 1874 507 1899 1
523 1861 613 1908 186,
630 1873 651 1901 2
655 1870 694 1914 5.
727 1858 847 1899 Talia
861 1859 927 1898 hic
944 1858 1123 1911 scriptor
1138 1862 1300 1898 mutare
1315 1872 1396 1897 non
1411 1857 1528 1897 solet.
1555 1857 1619 1895 SC
1628 1857 1670 1894 H
1676 1856 1799 1894 AEF
1806 1886 1815 1894 .

372 1931 386 1956 1
401 1930 491 1970 193,
505 1917 538 1956 8.
552 1914 777 1968 ἀποδημῶν]
795 1914 977 1967 Ambigo
991 1913 1101 1953 inter
1114 1913 1327 1967 vulgatam
1340 1918 1383 1953 et
1400 1915 1603 1961 ἐπιδημῶν.
1618 1911 1814 1950 REISK.

310 1972 402 2027 Ego
424 1986 505 2012 non
528 1972 639 2011 item.
662 1985 734 2024 quo
755 1977 920 2023 tempore
933 1984 1091 2023 pereqre
1110 1968 1394 2023 neyotiabatur.
1429 1967 1679 2008 SGHAEF.

373 2040 492 2081 1193,
520 2041 581 2066 10.
616 2026 812 2078 κοινωνὸς]
825 2027 962 2065 κόνωνι
981 2026 1034 2064 Α.
1089 2024 1374 2064 Memorabilis
1395 2023 1529 2071 lectio,
1552 2037 1658 2076 quae
1678 2022 1817 2062 nescio

310 2098 362 2123 an
385 2098 482 2122 vera
502 2082 569 2122 sit.
632 2081 842 2122 Fortassis
864 2081 1006 2121 Conon
1039 2085 1130 2120 erat
1156 2080 1360 2133 trapezita
1388 2084 1431 2119 et
1461 2079 1570 2118 idem
1600 2078 1679 2126 ille,
1702 2078 1818 2130 cujus

312 2139 459 2178 crebra
488 2137 645 2177 mentio
675 2138 724 2177 fit
751 2137 793 2176 in
821 2136 1008 2176 oratione
1036 2135 1226 2189 proxima
1254 2134 1456 2188 superiori
1487 2134 1527 2173 in
1555 2133 1818 2187 Olympiodo-

312 2208 416 2233 rum.
472 2193 525 2231 V.
556 2208 595 2245 p.
623 2193 741 2239 1168,
775 2204 835 2230 12.
894 2190 983 2230 Ν151
1023 2191 1105 2230 duo
1138 2191 1287 2230 diversi
1323 2190 1508 2230 homines
1543 2189 1608 2228 1110
1643 2189 1818 2228 fuissent

312 2247 522 2302 appellati,
563 2252 638 2287 aut
670 2247 703 2286 si
745 2247 856 2286 solus
892 2246 1088 2285 Phormio
1129 2246 1273 2285 fuisset
1312 2245 1556 2298 appellatus,
1591 2258 1663 2283 cur
1702 2258 1817 2297 repe-

313 2304 435 2344 tisset
456 2317 604 2342 nomen
624 2302 887 2341 Phormionis
903 2306 946 2340 et
963 2315 1044 2339 non
1067 2301 1168 2340 satis
1190 2301 1403 2340 habuisset
1420 2301 1519 2353 αὗτῷ
1540 2299 1677 2339 dicere
1697 2314 1816 2339 versu

320 2361 411 2399 IL?
441 2357 634 2398 REISK.
695 2356 905 2410 Repetivit
935 2361 1168 2409 propterea,
1192 2355 1289 2408 quia
1316 2355 1469 2395 talibus
1499 2355 1817 2408 repetitionibus

313 2414 571 2454 luxuriatur:
617 2426 722 2465 quae
752 2412 843 2464 ipsa
873 2411 1053 2450 luxuries
1095 2411 1236 2464 prodit
1276 2411 1454 2451 colorem
1494 2410 1696 2450 orationis
1735 2424 1818 2449 non

316 2468 696 2510 Demosthenicum.
759 2467 889 2506 Velut
921 2467 998 2506 1100
1026 2466 1115 2519 ipso
1146 2481 1265 2506 versu
1296 2467 1474 2506 iteratur
1504 2480 1653 2505 nomen
1682 2465 1819 2505 Timo-

314 2525 484 2572 sthenis,
508 2524 617 2577 quod
638 2523 761 2562 modo
782 2527 1056 2562 memoratum
1078 2522 1143 2561 hic
1164 2521 1301 2561 omitti
1324 2526 1504 2575 poterat.
1562 2521 1647 2560 Nec
1667 2535 1819 2560 memo-

314 2581 444 2620 rabile
465 2580 600 2619 dicam
616 2578 715 2618 illud
737 2576 885 2625 κόνωνι,
909 2582 956 2616 ut
977 2577 1017 2616 in
1036 2578 1145 2629 quod
1167 2577 1335 2630 vulgata
1355 2576 1643 2630 compendiose
1664 2576 1820 2629 scripta

316 2635 534 2690 depravari
555 2634 673 2674 facile
694 2632 890 2686 potuerit.
925 2632 1170 2672 SOHAEF.

377 2704 495 2744 1193,
517 2704 580 2730 11.
602 2690 820 2739 ἀποθεῖναι]
845 2687 1112 2740 Reponendas‚
1134 2687 1361 2727 servandas.
1394 2687 1643 2728 SOHAEF.

379 2759 496 2799 1193,
525 2757 587 2785 12.
619 2743 882 2796 Λυκιουργεῖς]
906 2742 1076 2783 Celeber
1103 2742 1167 2782 hic
1192 2743 1306 2782 locus
1327 2748 1391 2783 est
1418 2743 1460 2782 in
1491 2742 1655 2794 scriptis
1684 2756 1820 2795 gram—

316 2801 564 2843 maticorum
592 2804 778 2839 veterum
810 2803 852 2838 et
883 2797 1173 2838 recentiorum.
1225 2798 1278 2836 V.
1309 2799 1577 2838 Athenaeum
1608 2812 1648 2849 p.
1675 2798 1757 2846 486
1784 2810 1818 2835 0.

318 2855 695 2910 Harpocrationem
734 2869 769 2893 v.
808 2857 1068 2904 Λυκιουργεῖς,
1116 2853 1378 2906 Leopardum
1424 2852 1644 2892 Emendat.
1681 2864 1716 2899 2,
1754 2851 1816 2890 18.

317 2928 356 2965 p.
373 2913 465 2953 228.
487 2911 563 2951 vol.
583 2924 621 2964 3.
645 2910 791 2962 Lamp.
814 2908 916 2949 Grit.
935 2908 1103 2948 Gruter.
1127 2913 1170 2948 et
1192 2908 1514 2948 Valckenarium
1535 2907 1589 2948 ad
1611 2907 1815 2947 Herodot.
