1935 3200
276 123 384 164 1340
662 126 979 166 ADVERSUS
1012 125 1393 166 EUBULIDEM.

332 229 892 284 1308,12.Αριστοφῶντος]
921 231 973 269 V.
995 230 1049 270 ad
1071 244 1109 299 p
1128 243 1226 300 4ρζ4,
1245 244 1309 272 21

333 286 453 338 1308
472 297 534 338 15.
558 286 639 325 ὥστ
639 286 1028 338 -ἀνανεώσασθαι]
1057 287 1125 325 τὸν
1140 286 1256 325 αὐτὸν
1280 288 1354 338 (sc.
1380 286 1516 335 νόμον)
1540 289 1635 338 post
1656 283 1778 324 πάλιν

270 340 411 380 addidi
443 355 493 381 ex
519 341 573 380 A.
596 345 638 381 et
659 359 718 393 γρ,
743 341 789 380 B
832 348 874 380 zat
894 342 1161 387 decernmtis,
1185 348 1228 382 ut
1249 356 1367 381 2200ch
1388 341 1536 395 aliquis
1550 340 1665 393 17777773
1686 340 1778 393 Zeqis

270 396 372 436 lator
387 397 449 436 vel
465 403 707 437 restaurator
727 397 913 437 cwz'steret.
949 397 1028 448 Qui
1049 397 1128 436 fuit
1146 397 1419 451 Aristophon.
1453 397 1534 437 Sed
1552 396 1651 449 quid
1673 410 1777 449 opus

269 456 362 491 erat
382 451 483 506 legis
504 467 529 492 a
551 453 700 492 Solone
720 453 830 492 latae
851 453 1168 501 restauratione,
1188 454 1304 506 cujus
1330 453 1440 507 leges
1461 467 1672 506 nunquam
1694 465 1777 490 non

270 507 312 546 in
340 522 426 561 rep.
458 509 705 562 viguerunt?
734 509 927 548 REISK.
993 509 1040 547 In
1072 509 1319 549 oblivionem
1350 509 1514 548 videtur
1548 508 1614 547 lex
1643 507 1775 555 ixdsse,

271 564 381 616 quod
413 563 520 604 cives
553 564 765 618 indignam
796 579 839 604 se
869 565 1072 604 haberent
1099 565 1226 604 talem
1263 567 1305 604 ἐν
1334 565 1377 619 τῇ
1414 566 1536 616 ἀγορᾷ
1564 564 1774 614 ἐργασίαν;

271 633 352 672 quo
373 619 530 659 factum
551 625 598 660 ut
619 620 721 669 ξένοι
748 620 825 660 sibi
854 620 965 660 illam
986 620 1257 660 vindicarent.
1301 621 1603 660 ἀνανεώσασθαι
1633 623 1777 659 autem

270 674 498 729 intelligam
519 676 570 716 de
593 676 932 725 Atheniensibus,
954 690 1048 725 non,
1079 677 1188 730 quod
1222 676 1391 716 Reiskio
1413 675 1586 729 placuit,
1609 674 1659 714 de
1680 673 1776 714 Ari-

270 731 507 784 stophonte.
572 731 699 785 Cujus
728 732 838 785 quod
869 732 935 772 lex
971 746 1059 771 esse
1092 732 1258 780 (licitur,
1286 731 1479 771 nimirum
1517 730 1776 783 Aristophon

270 787 447 841 rogavit,
467 788 642 842 populus
658 789 796 842 jussit.
833 788 1078 828 SOHAEF.

334 844 450 896 1308,
476 857 541 885 22.
575 844 644 893 ἔξω
669 848 737 884 τοῦ
761 844 983 895 πράγματος
1006 846 1280 906 βλασφημεῖν]
1316 844 1385 893 ἔξω
1408 846 1474 882 τοῦ
1496 842 1776 893 πράγματος-

270 899 372 938 ταῦτ’
397 899 495 939 εἶναι
525 915 566 953 p.
592 901 708 953 1318,
734 913 799 941 21.
861 900 980 950 Quod
1010 899 1188 940 recurrit
1219 915 1259 953 p.
1283 913 1402 952 1319,
1429 900 1491 938 18.
1517 903 1597 939 τοῖς
1619 898 1690 947 ἔξω
1711 914 1777 947 της

272 957 501 1006 κατηγορίας
531 957 666 1007 λόγοις
699 956 912 1008 προσέχειν
943 971 982 1009 p.
1011 956 1163 1008 1328,
1159 968 1221 1007 27.
1256 954 1328 1004 ἔξω
1362 958 1426 1004 τῆς
1458 957 1611 1006 γραφης
1644 956 1776 993 πολλὰ

271 1015 493 1062 κατηγορῶν
524 1026 564 1065 p.
589 1022 706 1064 1347,
734 1023 772 1064 5.
817 1012 976 1065 Oppon.
1013 1014 1066 1052 εἰς
1098 1011 1190 1050 αὐτὸ
1227 1011 1268 1050 τὸ
1306 1014 1461 1063 πρᾶγμα
1494 1025 1531 1064 p.
1560 1020 1678 1064 1317,
1715 1019 1771 1063 15.

269 1066 363 1116 πρὸς
383 1066 426 1105 τὸ
447 1071 605 1118 πρᾶγμα
626 1083 664 1120 p.
689 1081 809 1121 1319,
829 1069 865 1107 6
901 1067 1011 1107 SCH
1018 1067 1145 1106 AEF

330 1123 448 1176 1308,
475 1133 539 1177 2.5
583 1123 628 1162 ὃν
661 1126 805 1174 τρόπον
838 1124 947 1164 οὗτος
989 1123 1202 1174 ἐργάζεται]
1251 1122 1424 1173 Qualem,
1466 1135 1582 1175 qaam
1624 1127 1778 1174 turpem

269 1184 470 1230 quaestmn
489 1179 710 1231 laic-faceat.
749 1179 993 1219 SCHAEF.

327 1235 388 1273 καὶ
412 1236 577 1285 εἰκότως]
606 1234 772 1274 Scilicet
794 1234 1038 1284 ἐπιτιμήσετέ
1058 1251 1135 1284 μοι.
1168 1234 1363 1273 REISK.

332 1303 452 1343 1309,
483 1304 521 1344 3.
566 1291 701 1343 αὐτὴν]
743 1291 823 1330 Est
862 1290 971 1329 idom
1011 1295 1138 1343 atque
1175 1289 1208 1328 si
1248 1290 1372 1343 paulo
1411 1288 1536 1329 latius
1573 1288 1771 1328 dixisset.

268 1361 438 1395 προσηκε
458 1351 665 1397 μαρτυρεῖν
689 1350 782 1396 (aut
804 1347 928 1397 ἥκειν)
954 1347 1239 1387 ἐπιδεικνύντας
1267 1347 1324 1385 ὅτι
1350 1345 1439 1395 ξειη
1467 1345 1514 1394 ὴν
1535 1348 1707 1384 τελοῦσα
1728 1347 1776 1384 τὰ

268 1402 310 1439 ἐν
331 1418 374 1455 τη
399 1402 522 1454 ἀγορᾷ
542 1403 757 1451 τελούμενα
778 1405 908 1452 ξενικα
930 1402 1034 1452 τελη,
1058 1419 1118 1441 και
1140 1403 1197 1441 ὅτι
1220 1403 1260 1441 ἐκ
1281 1402 1416 1450 ταύτης
1436 1419 1458 1450 77
1480 1402 1626 1451 ἐκείνης
1647 1402 1776 1453 χώρας

267 1456 326 1505 ἣν,
350 1443 510 1497 Ἁυδία
491 1476 513 1507 77
537 1461 719 1512 Θρῃσσα,
742 1460 838 1508 μετὰ
866 1458 907 1497 τὸ
936 1458 1129 1507 ἐξετάσαι,
1150 1458 1303 1507 ποδαπη
1333 1457 1381 1507 ἡν
1412 1474 1472 1496 και
1505 1459 1537 1496 εἰ
1567 1459 1614 1496 τὰ
1645 1458 1775 1506 ξενικὰ

267 1512 358 1562 τέλη
381 1513 516 1552 ἐτέλει.
550 1500 740 1553 RlJISK.
787 1515 928 1568 Junge
951 1515 1098 1555 εἰδότας
1120 1514 1237 1563 αὐτην
1258 1515 1336 1563 ἥτις
1357 1513 1452 1552 ἐστί.
1485 1527 1545 1565 p}
1546 1511 1612 1551 obe
1629 1526 1775 1565 ymaro-5

266 1581 366 1621 quae
399 1569 462 1614 set,
498 1569 650 1623 quippe
692 1572 844 1621 φανερὰ
883 1573 979 1609 πᾶσι
1022 1570 1082 1609 καὶ
1122 1570 1323 1621 γνώριμος
1386 1568 1578 1631 Ρ1··1111ΡΙ11
1580 1568 1661 1609 asis
1692 1568 1775 1608 ista

268 1624 424 1663 Reiskii
447 1639 612 1664 sensum
633 1625 804 1678 periodi,
828 1626 861 1664 si
883 1626 925 1665 τὸ
950 1627 1034 1675 ἑξῆς
1061 1625 1242 1678 pressius
1269 1624 1465 1678 sequaris,
1488 1639 1570 1664 non
1592 1624 1774 1678 expedit,

267 1680 339 1719 sed
361 1680 546 1733 impedit.
602 1681 655 1719 V.
678 1681 731 1720 ad
753 1696 788 1720 v.
810 1691 849 1734 5.
873 1686 915 1721 et
937 1683 974 1720 6.
1007 1681 1255 1720 SCHAEF.

324 1736 458 1786 ἀκοὴν]
489 1735 596 1787 Quid
628 1736 794 1776 intersit
826 1737 935 1776 inter
956 1736 1075 1786 ἀκοὴν
1094 1740 1300 1787 μαρτυρεῖν
1320 1740 1363 1775 et
1386 1737 1533 1778 εἰδότας
1553 1739 1774 1786 μαρτυρεῖν,

267 1790 404 1830 doceri
426 1806 507 1831 non
529 1806 644 1845 opus.
680 1792 806 1832 Hom.
835 1792 953 1832 Iliad.
978 1806 1014 1839 2,
1036 1794 1134 1843 486.
1157 1793 1264 1842 ἡμεῖς
1286 1793 1326 1831 δὲ
1345 1791 1458 1833 κλέος
1480 1792 1563 1831 οἷον
1585 1792 1777 1841 ἀκούομεν

266 1847 356 1886 οὐδέ
377 1864 412 1887 τι
433 1850 553 1897 ἴδμεν.
588 1848 831 1888 SCHAEF.

327 1915 446 1956 1309,
469 1914 508 1957 5.
549 1921 596 1943 τα
636 1904 727 1953 τελη
769 1904 1042 1954 εξετάσαντας]
1082 1903 1285 1943 ἎῙΟΗ-ἰιιὸε
1321 1903 1571 1943 Eecntienda
1601 1903 1774 1955 fuerunt

267 1958 487 2011 vecteqalea.
542 1959 656 1999 Male
689 1960 739 1999 de
774 1959 1042 2013 vectigalibus
1073 1959 1284 2014 exigendis
1316 1958 1521 1998 intellexit
1556 1958 1770 2021 Taylorus.

277 2014 488 2067 lectiyalia
514 2015 666 2068 αἵμονα
693 2020 757 2055 est
786 2015 963 2066 ἐκλέγειν
990 2017 1037 2054 τὰ
1065 2015 1172 2065 τέλη,
1196 2029 1277 2054 11011
1310 2014 1500 2063 ἐξετάζειν
1525 2031 1557 2053 τ.
1582 2031 1614 2053 τ.
1641 2013 1772 2066 inclm-

266 2075 389 2108 rentes
405 2070 447 2109 ι’77
469 2071 675 2123 zaetiqalia
684 2072 776 2123 fol·
764 2086 772 2109 7
795 2076 890 2124 (pro
906 2085 994 2109 11101·
996 2075 1091 2110 catu
1109 2070 1150 2109 in
1166 2071 1255 2110 foro
1272 2070 1490 2124 pendenda
1505 2074 1593 2109 tam
1615 2069 1773 2109 civibus

267 2138 390 2176 quam
411 2115 675 2179 pe1··eg1inis)‚
695 2127 992 2179 wmnpendwst
1007 2140 1259 2179 qzcaeperear
1262 2126 1321 2165 777ἰ
1340 2126 1485 2165 debent.
1520 2124 1771 2165 SGHAEF.

328 2193 447 2232 1309,
471 2182 507 2219 6.
542 2183 602 2220 καὶ
623 2182 817 2230 ποδαπη
797 2187 856 2231 ὴν
881 2183 1180 2232 ἐπιδεικνύντας]
1210 2182 1308 2220 Dele
1330 2180 1642 2243 hypostigmen:
1675 2194 1772 2219 nam

266 2234 367 2273 haec
408 2236 689 2275 continuanda
737 2237 1039 2289 osfendffltesqece
1079 2237 1238 2276 mulie}
1225 2251 1255 2276 73
1286 2237 1481 2289 patriam.
1527 2235 1770 2275 SCHAEF.

267 2290 438 2330 Comma
459 2305 524 2330 me
544 2291 710 2331 nolente
731 2292 932 2331 relictum.

325 2359 445 2399 1309,
473 2360 534 2385 11.
567 2347 615 2388 ὡς
644 2348 727 2395 ἐμοὶ
749 2348 874 2401 δοκεῖ]
910 2346 1080 2386 Μ1ι110111
1101 2346 1283 2400 positum
1304 2351 1400 2400 post
1421 2349 1533 2386 τοῦτο
1556 2346 1628 2398 γάρ
1651 2348 1770 2386 ἐστιν.

322 2457 434 2496 οὐδὲν
455 2459 476 2496 ὅ
497 2474 532 2496 τι
552 2458 611 2508 οὔ]
636 2457 761 2497 Nihil
777 2471 865 2505 77077,
889 2457 1084 2510 quicquid
1104 2457 1146 2496 in
1166 2458 1341 2497 buccam
1362 2457 1486 2497 venit.
1520 2457 1713 2497 REISK.

322 2514 513 2552 τοῦτο-ὁ
535 2513 795 2568 συκοφάντης]
818 2514 1047 2566 Exspeotes
1064 2528 1071 2551 :
1106 2517 1217 2552 τοῦτο
1235 2513 1308 2565 γάρ
1327 2515 1410 2553 ἐστι
1429 2517 1495 2552 τοῦ
1513 2512 1770 2564 συκοφάντου.

268 2567 351 2606 Sed
385 2568 552 2621 gravius
588 2573 652 2608 est
690 2568 1128 2622 indignabundumque
1164 2569 1295 2623 magis
1329 2569 1448 2608 dccet
1485 2568 1593 2621 quod
1628 2572 1772 2608 orator

265 2623 444 2676 scripsit.
479 2624 723 2664 SCHAEF.

326 2692 443 2731 1309,
476 2681 537 2719 18.
580 2683 776 2732 δυσχερῶς
815 2679 1015 2731 ὑπολάβῃ]
1060 2680 1272 2719 Gramina
1312 2679 1470 2720 audiat.
1506 2679 1769 2732 Deprecatur

266 2733 452 2774 dicturus
479 2735 530 2774 de
560 2735 814 2775 mercenaria
835 2734 1128 2784 nutricatione,
1151 2736 1201 2774 de
1224 2750 1306 2788 qua
1326 2738 1520 2775 accurate
1541 2739 1583 2773 et
1604 2733 1767 2787 copiose

263 2795 453 2829 orantem
473 2791 616 2830 audire
648 2791 861 2844 indignum
882 2790 1073 2829 videatur
1093 2791 1165 2830 tali
1188 2790 1409 2831 auditorio.
1431 2791 1562 2840 μηδεὶς
1582 2789 1769 2844 ὑπολάβῃ

266 2847 461 2888 δυσκόλως
481 2861 519 2899 p.
541 2848 662 2900 1316,
682 2848 746 2887 28.
781 2847 1039 2886 SCHAEF.
