1935 3200
263 102 364 139 1490

304 214 487 252 ceperant3
515 214 725 253 quapropter
749 219 830 241 curn
858 220 876 241 a
904 208 985 242 Phi-

303 255 399 298 lippo
417 254 681 297 castigarentur,
700 254 931 287 Athenienses
952 254 986 287 id

303 311 403 343 aegre
419 300 566 332 serentes
579 311 740 333 caussam
754 312 873 333 eorum
887 311 986 333 suam

303 345 474 378 faciebant
504 345 578 384 162,
599 359 631 387 4.
675 345 858 390 Peparethi
885 346 986 379 deva-

305 392 406 424 statio
426 392 503 432 248,
522 400 555 435 5.

259 437 485 479 Peparethus,
498 437 626 481 Aegaei
640 437 743 470 maris
757 438 870 470 insula
882 449 987 482 prope

303 483 530 522 Thessaliam,
557 495 576 516 a
605 483 765 527 Philippo
793 483 857 516 fuit
885 483 986 516 deva—

304 535 393 562 stata
415 529 490 568 162,
506 539 535 573 7.
557 529 633 570 248,
647 538 680 573 5.
707 536 898 562 mercatum
918 530 988 562 vini

305 575 484 608 exercebat
509 576 545 608 in
564 575 716 608 Pontum
736 585 815 619 935,
834 575 867 608 8.
911 575 987 608 Μο-

305 627 460 654 moratur
477 622 580 654 etiam
598 633 631 664 p.
650 632 661 653 1
673 632 747 659 110,
770 630 786 665 7

262 666 439 700 Perdiccas
458 667 492 699 in
508 666 714 699 Macedonia
731 673 805 699 tum
824 678 986 710 regnans,

306 724 414 756 quum
434 713 557 746 Persae
583 712 625 745 ad
654 713 807 745 Plataeas
825 712 907 745 victi
927 711 987 745 do-

305 770 404 791 mum
434 758 558 802 trepidi
588 758 796 802 refugerent,
827 759 988 802 reliquias

306 815 426 837 eorum
467 804 633 843 confecit3
684 805 784 848 cujus
831 804 990 837 beneficii

307 850 499 894 praemium
523 851 566 883 ab
585 849 857 883 Atheniensibus
884 850 988 893 adep-

307 903 364 929 tus
389 902 441 929 est
466 897 722 929 immunitatem
752 905 827 940 173,
847 896 879 929 8.
909 895 988 940 687,

307 951 339 983 5.
384 942 466 975 Non
485 942 677 981 Perdiccas,
704 942 764 975 sed
790 948 886 985 pater
904 942 989 985 ejus,

308 987 516 1027 Alexander,
534 994 610 1021 tum
628 988 804 1032 regnabat.

263 1033 439 1067 Periandri
465 1035 531 1073 lex,
552 1034 595 1067 ad
617 1046 720 1078 quam
743 1035 775 1067 αἱ
794 1034 989 1078 συμμορίαι,

309 1081 450 1123 collegia
472 1080 715 1119 trierarchalia,
742 1085 824 1113 sunt
849 1091 990 1123 compo-

309 1126 391 1159 sitae
413 1135 510 1168 1145,
528 1126 578 1158 16.

266 1171 462 1211 Periander,
482 1172 572 1204 filius
592 1171 763 1216 Polyarati
785 1182 884 1215 1009,
904 1170 958 1204 26.

266 1218 412 1250 Pericles
443 1218 587 1250 consilia
616 1229 678 1250 sua
706 1218 817 1261 magis
848 1216 891 1250 ad
918 1229 991 1250 rem

311 1263 406 1307 publ.
427 1275 531 1308 quam
549 1263 592 1296 ad
610 1263 779 1307 privatam
795 1275 894 1296 suam
909 1274 990 1296 con-

309 1310 431 1342 tulisse
457 1309 582 1342 dicitur
599 1320 655 1352 34,
676 1320 730 1342 21.
759 1321 793 1353 p.
817 1320 915 1350 1414,
936 1319 990 1352 23.

310 1355 453 1388 docetur
482 1356 554 1399 ejus
588 1356 746 1399 exemplo
778 1355 891 1388 virum
925 1355 987 1387 rei-

309 1401 466 1445 publicae
499 1401 669 1445 gerendae
699 1407 898 1445 operantem
932 1412 984 1433 ca-

310 1459 383 1480 rere
402 1447 620 1491 philosophia
637 1459 708 1480 non
726 1459 839 1490 posse.

266 1493 431 1531 Peiilaus,
475 1493 702 1537 Megarensis,
748 1493 913 1536 proditor
948 1492 990 1525 ab

319 1540 395 1583 11150
439 1538 597 1591 Ρ1111111110
639 1545 848 1577 contemtus,
883 1550 991 1583 quum

306 1586 380 1629 111111
407 1585 538 1618 1111115115
564 1586 638 1629 ejus
668 1597 772 1628 opeia
799 1590 888 1618 esset
913 1595 990 1625 242,

314 1642 344 1664 2.
362 1640 512 1675 324,15.
532 1640 598 1675 435
618 1631 680 1663 ult.

267 1657 433 1710 Pelinthii
474 1677 723 1721 Byzantiorum
764 1676 927 1709 foederati
961 1682 993 1709 et

313 1723 561 1765 consanguinei
580 1731 677 1756 erant
697 1732 774 1765 255
796 1733 849 1763 24.

268 1768 454 1802 Pelintlius
480 1780 498 1801 a
526 1768 683 1811 Philippo
709 1768 852 1801 obssesa
870 1768 992 1801 libera—

312 1820 369 1847 tur
386 1815 428 1847 ab
448 1814 549 1847 Asiae
567 1814 710 1857 satrapis
733 1823 772 1857 15
801 1825 883 1864 2,3.

267 1859 477 1893 Phaedimus
504 1861 539 1892 in
566 1860 707 1904 triginta
731 1839 887 1904 tyiannis
914 1870 992 1900 402.

317 1906 368 1939 16.

268 1952 502 1995 Phaenippus,
530 1952 620 1985 filius
646 1950 805 1994 Callippi‚
832 1951 867 1983 in
891 1963 994 1995 quem

313 1998 382 2041 agit
400 2009 449 2030 or.
469 2010 487 2030 a
514 2009 546 2041 p.
564 1998 661 2040 1038.
681 1997 723 2030 ad
754 2006 852 2040 1050.
887 1997 993 2040 adop-

312 2050 405 2076 tatus
447 2044 512 2077 fuit
552 2055 571 2075 a
609 2043 818 2076 Philostrato
860 2050 994 2076 oratore

319 2099 416 2133 1045.
434 2098 484 2130 15.

270 2135 418 2168 Phanias
452 2134 679 2178 Aphidnaeus
709 2144 789 2178 544,
825 2143 876 2176 15.
923 2140 994 2167 erat

314 2187 389 2213 tum
424 2181 577 2217 Archon,
610 2192 719 2224 quum
756 2181 871 2212 Strato
900 2180 994 2212 litem

314 2226 508 2259 secundum
532 2226 805 2259 Demosthenem
827 2225 993 2258 adversus

317 2271 463 2304 Midiam
482 2271 578 2304 daret
595 2271 679 2304 ibid.
697 2283 799 2304 versu
819 2282 873 2311 24.

271 2318 402 2356 Phario,
431 2317 499 2350 filia
528 2317 691 2355 Neaerae,
716 2317 820 2359 xulgo
842 2316 995 2360 quaesita

320 2364 418 2407 1358,
438 2372 470 2406 5.
506 2363 586 2395 alias
606 2362 765 2406 Strobyle
784 2361 873 2394 dicta
896 2362 993 2405 1362,

316 2410 348 2442 6.
395 2409 495 2441 11111111
527 2408 714 2447 l’lirastmi,
745 2407 805 2440 sed
840 2413 994 2450 postmo-

315 2455 400 2488 dum
430 2454 630 2498 repudiatur
655 2453 738 2486 ibid.
773 2459 806 2485 et
833 2465 907 2497 sqq.
935 2453 994 2486 ubi

316 2500 473 2544 pluribus
500 2507 532 2533 et
557 2501 630 2543 ejus
658 2506 690 2532 et
717 2499 835 2532 matris
856 2499 994 2532 fraudes

316 2553 347 2579 et
366 2546 494 2590 flagitia
510 2545 673 2578 denudat.

271 2593 513 2630 Phanostrata,
559 2591 626 2624 filia
676 2590 804 2629 Stratii,

321 2638 419 2681 1056,
436 2647 490 2681 27.

272 2684 511 2721 Phanostrata,
531 2689 685 2716 scortum
699 2682 777 2720 610,
799 2691 849 2726 17.

273 2729 321 2761 Ph
326 2735 533 2767 {nostratiis
554 2728 784 2771 Cephisiensis
808 2728 906 2769 1258,
927 2738 980 2770 23.

273 2774 424 2813 Phanus,
443 2785 513 2806 non
534 2773 743 2817 Stephanus,
759 2773 852 2817 (111οά
874 2784 992 2817 perpe-

317 2832 390 2853 ram
422 2820 457 2852 in
487 2826 693 2862 aigumento
720 2819 883 2851 orationis
910 2819 992 2861 legi-

316 2874 384 2903 tur,
418 2865 444 2897 15
478 2865 552 2903 fuit,
582 2876 683 2915 (1110111
714 2864 884 2908 Aphobus
917 2864 993 2896 falsi

316 2910 395 2942 dicti
421 2910 606 2943 testimonii
633 2910 817 2948 accusavit,
838 2909 897 2943 sed
922 2909 991 2943 De-

848 2590 994 2623 Oeensis

755 104 921 138 INDEX
955 103 1273 139 HISTORICUS

1086 209 1286 242 mosthenes
1316 220 1395 241 eum
1430 210 1581 242 oratione
1614 209 1767 243 defendit

1087 266 1136 294 ea,
1156 266 1243 299 quae
1261 266 1279 287 a
1305 266 1338 298 p.
1358 255 1436 296 844.
1456 255 1498 288 ad
1524 267 1556 298 p.
1577 255 1656 288 862..
1683 256 1766 299 legi-

1086 307 1154 333 tur.
1189 301 1364 333 familiaris
1394 307 1427 333 et
1459 301 1595 335 tribulis
1627 302 1767 346 Aphobi

1087 346 1211 379 dicitur
1229 347 1309 388 851,
1323 357 1377 379 22.
1397 346 1476 385 861,
1492 346 1545 380 26.

1042 391 1209 425 Pharsalii
1233 404 1251 425 a
1272 392 1430 436 Philippo
1453 392 1584 426 Halum
1603 392 1694 426 dono
1713 404 1768 426 ac-

1088 438 1221 481 cipiunt
1242 447 1317 481 152,
1337 451 1369 479 4.
1399 449 1519 471 eorum
1536 450 1617 472 cum
1637 438 1767 472 Halen-

1088 484 1184 517 sibus
1203 484 1440 517 contentiones
1459 494 1539 528 352,
1560 494 1612 528 17.

1042 529 1221 563 Phaselus.
1258 529 1449 563 Phaselitae
1475 530 1694 563 habebantur
1711 542 1768 564 ve-

1087 581 1264 614 teratores,
1309 576 1525 618 impostores,
1572 575 1768 616 mendaces,

1088 621 1215 665 perjuri
1234 632 1312 665 923,
1331 632 1362 654 1.

1042 666 1176 699 Phasis.
1214 667 1443 700 Athenienses
1471 666 1635 700 dicuntur
1663 667 1768 700 Ama-

1089 724 1192 745 zones
1207 713 1297 745 ultra
1310 712 1439 745 Phasin
1450 713 1605 757 rejecisse
1625 724 1722 758 1391,
1735 725 1769 757 3.

1043 758 1220 803 Phayllus,
1240 759 1424 802 imperator
1443 758 1674 792 Phocensium
1690 759 1769 799 661,

1094 815 1122 837 1.

1043 850 1185 883 Pheraei
1203 862 1256 883 res
1281 850 1454 884 habebant
1476 862 1555 884 suas
1574 863 1592 884 a
1611 850 1771 895 Philippo

1089 902 1273 940 separatas,
1293 896 1358 929 hoc
1387 896 1428 929 (le
1451 908 1533 940 pace
1556 908 1637 930 cum
1662 897 1770 931 Athe-

1090 942 1268 975 niensibus
1288 948 1409 985 agente
1427 955 1505 984 444,
1519 955 1550 984 4.

1043 987 1171 1021 Pheras
1208 988 1389 1032 Philippus
1430 989 1516 1022 l1be1
1518 994 1584 1022 tate
1625 989 1772 1032 privavit

1090 1034 1228 1078 arcique
1264 1034 1475 1078 praesidium
1512 1035 1680 1078 imposuit
1714 1036 1769 1077 84,

1094 1091 1146 1124 19.
1170 1091 1245 1121 104,
1265 1091 1297 1124 9.
1325 1080 1409 1124 (quo
1436 1092 1452 1113 e
1478 1081 1553 1113 1000
1579 1086 1714 1114 constat
1736 1081 1771 1114 id

1090 1125 1222 1159 factum
1263 1132 1342 1169 post
1384 1131 1518 1169 captam
1562 1126 1771 1171 Olynthum,

1092 1171 1185 1204 Oreo
1211 1171 1368 1204 nondum
1395 1174 1589 1215 occupata.)
1620 1183 1696 1216 113,
1716 1183 1770 1206 21.

1094 1228 1158 1261 133
1182 1229 1260 1261 pen.
1296 1217 1416 1250 Pheris
1443 1218 1624 1262 Philippus
1654 1230 1774 1262 pacem

1091 1275 1171 1296 cum
1197 1263 1280 1296 Ath.
1304 1264 1532 1308 jurejurando
1560 1264 1673 1297 sanxit
1691 1275 1771 1309 390,

1092 1318 1145 1353 27.
1181 1321 1250 1354 quo
1268 1315 1422 1352 tempore
1445 1309 1626 1354 Philippus
1648 1310 1711 1343 hac
1730 1309 1772 1343 de

1092 1367 1174 1398 pace
1193 1361 1319 1399 ageret,
1348 1355 1488 1388 Pheraei
1510 1356 1552 1389 ab
1574 1357 1646 1400 ejus
1665 1356 1771 1389 socie-

1092 1407 1161 1434 tate
1179 1401 1383 1434 deficiebant
1401 1414 1479 1443 444,
1499 1414 1530 1443 4.
1778 1418 1781 1421 ’

1048 1447 1387 1490 Pherrhephattium,
1406 1447 1526 1480 fanum
1548 1447 1772 1492 Proserpinae

1094 1493 1242 1526 Athenis
1264 1504 1362 1537 1259,
1378 1502 1398 1536 5

1049 1539 1233 1572 Phertatus
1252 1540 1330 1583 887,
1351 1550 1368 1572 2

1049 1584 1238 1618 Phidolaus
1259 1585 1496 1618 Rhamnusius
1518 1594 1616 1630 1047,
1634 1586 1684 1619 18.

1050 1631 1158 1669 Phila,
1173 1631 1335 1664 meretrix
1357 1641 1455 1674 1351,
1475 1642 1525 1672 15.

1051 1676 1220 1720 Philager.
1252 1677 1341 1709 filius
1370 1677 1566 1716 Eubulidis,
1594 1677 1617 1710 f.
1644 1677 1772 1717 Buseli,

1097 1723 1241 1755 Oeensis
1265 1732 1433 1766 1057,15.

1052 1767 1254 1812 Philagenl
1242 1768 1435 1801 Melitensis
1458 1777 1589 1811 1355,‘²
1573 1780 1627 1801 ..2.

1051 1813 1282 1852 Philammon,
1295 1814 1526 1851 Atheniensis,
1542 1815 1727 1859 puo11331,
1745 1826 1773 1848 1.

1051 1859 1197 1899 Phileas,
1216 1860 1413 1893 Eleusinius
1432 1860 1512 1903 963,
1527 1870 1559 1903 5.
1578 1860 1658 1905 967,
1674 1872 1728 1894 21.

1052 1905 1245 1949 Philepsius
1266 1905 1502 1949 Lamptrensis
1522 1915 1598 1950 742,
1618 1906 1669 1939 16.

1052 1951 1216 1984 Philiadis
1234 1951 1371 1987 liberos,
1389 1951 1582 1985 Messeniae
1596 1958 1774 1996 tyrannos,

1096 1998 1244 2030 restituit
1271 1997 1466 2030 Alexander
1500 1998 1551 2031 M.
1581 1998 1623 2031 ab
1658 1999 1775 2032 exsilio

1096 2049 1274 2076 revocatos
1295 2053 1371 2082 212,
1389 2043 1442 2076 26.

1052 2088 1222 2128 Philinus,
1242 2088 1430 2122 Nicostrati
1447 2089 1484 2127 f„
1499 2089 1533 2121 in
1551 2089 1776 2123 trierarchatu

1097 2135 1227 2175 collega
1247 2134 1493 2167 Demosthenis
1512 2134 1591 2178 566,
1607 2144 1661 2176 25.

1052 2179 1273 2222 Philippides,
1300 2180 1518 2219 trierarchus,
1542 2180 1648 2213 homo
1670 2180 1775 2220 dives,

1098 2225 1225 2258 Midiae
1251 2225 1428 2258 studiosus
1445 2226 1524 2268 581,
1547 2237 1598 2267 14.
1625 2227 1703 2270 583,
1723 2238 1774 2268 14.

1097 2271 1211 2303 1105010
1233 2283 1274 2303 an
1302 2271 1393 2303 idem
1416 2271 1459 2304 sit
1482 2283 1563 2304 cum
1583 2271 1776 2316 Philippide

1098 2316 1304 2349 Paeaniense
1321 2328 1355 2360 p.
1372 2327 1470 2360 1332.
1488 2327 1543 2358 24.

1051 2361 1243 2405 Philippus,
1268 2374 1326 2394 rex
1355 2361 1590 2402 Macedoniae,
1608 2363 1664 2395 ille
1689 2363 1775 2396 cele-

1097 2407 1315 2440 bratissimus
1334 2413 1366 2440 et
1384 2408 1418 2440 in
1448 2408 1647 2452 Philippicis
1673 2414 1776 2453 atque

1096 2453 1309 2486 orationibus
1337 2465 1398 2497 pro
1427 2453 1565 2487 Corona
1586 2460 1619 2487 et
1647 2454 1683 2487 in
1708 2454 1775 2487 Ae-

1097 2499 1250 2532 schinem
1277 2500 1481 2543 exagitatus,
1500 2500 1605 2533 homo
1625 2505 1775 2539 astutus,

1095 2556 1182 2581 acer,
1202 2545 1293 2588 vigil,
1316 2545 1482 2578 insidians
1508 2546 1593 2579 nulli
1619 2557 1690 2578 non
1715 2557 1775 2589 op-

1096 2591 1298 2633 portunitati
1318 2591 1364 2623 rei
1384 2591 1469 2624 bene
1488 2590 1656 2634 gerendae
1678 2602 1729 2630 10,
1744 2602 1775 2624 2.

1096 2636 1333 2679 Amphipolin,
1369 2643 1444 2669 tum
1488 2632 1657 2680 Pydnam,
1696 2636 1777 2669 inde

1097 2681 1308 2721 Poffllaeam,
1335 2688 1414 2725 post
1440 2682 1656 2720 Methonam,
1679 2681 1775 2715 deni-

1096 2739 1162 2770 que
1188 2727 1400 2760 lhessaliam
1434 2727 1523 2770 cepit
1556 2738 1608 2766 12,
1637 2727 1691 2760 26.
1734 2739 1775 2760 ex

1094 2773 1310 2816 expeditione
1361 2773 1496 2816 Illyrica
1551 2784 1692 2816 gravem
1740 2773 1775 2805 in

1095 2818 1258 2851 morbum
1291 2818 1421 2857 incidit,
1452 2817 1544 2851 unde
1577 2824 1616 2851 ut
1649 2829 1775 2850 conva-

1094 2864 1169 2901 luit,
1209 2864 1366 2907 protinus
1402 2863 1599 2907 Olynthum
1633 2863 1774 2896 adortus

1094 2915 1144 2941 est
1173 2920 1223 2952 13,
1245 2921 1273 2943 2.
1310 2910 1396 2942 1111115
1423 2921 1501 2942 011111
1528 2909 1697 2952 posterior
1722 2909 1773 2941 in-
