<?xml version="1.0" encoding="UTF-8"?>
<!DOCTYPE html PUBLIC "-//W3C//DTD XHTML 1.0 Transitional//EN"
    "http://www.w3.org/TR/xhtml1/DTD/xhtml1-transitional.dtd">
<html xmlns="http://www.w3.org/1999/xhtml" xml:lang="en" lang="en">
 <head>
  <title>
</title>
<meta http-equiv="Content-Type" content="text/html;charset=utf-8" />
  <meta name='ocr-system' content='tesseract 3.04.00' />
  <meta name='ocr-capabilities' content='ocr_page ocr_carea ocr_par ocr_line ocrx_word'/>
</head>
<body>
  <div class='ocr_page' id='page_1' title='image "./operaexrecension07demouoft_0468.png"; bbox 0 0 1935 3200; ppageno 0'>
   <div class='ocr_carea' id='block_1_1' title="bbox 278 89 378 125">
    <p class='ocr_par' dir='ltr' id='par_1_1' title="bbox 278 89 378 125">
     <span class='ocr_line' id='line_1_1' title="bbox 278 89 378 125; baseline -0.01 0"><span class='ocrx_word' id='word_1_1' title='bbox 278 89 378 125; x_wconf 87' lang='lat'>1506</span> 
     </span>
    </p>
   </div>
   <div class='ocr_carea' id='block_1_2' title="bbox 275 189 999 597">
    <p class='ocr_par' dir='ltr' id='par_1_2' title="bbox 275 189 582 234">
     <span class='ocr_line' id='line_1_2' title="bbox 275 189 582 234; baseline -0.007 -11"><span class='ocrx_word' id='word_1_2' title='bbox 275 189 383 234; x_wconf 87' lang='lat' dir='ltr'><strong>Cotys</strong></span> <span class='ocrx_word' id='word_1_3' title='bbox 402 189 482 229; x_wconf 87' lang='grc'>888,</span> <span class='ocrx_word' id='word_1_4' title='bbox 501 197 582 233; x_wconf 90' lang='grc'>935.</span> 
     </span>
    </p>

    <p class='ocr_par' dir='ltr' id='par_1_3' title="bbox 275 234 951 278">
     <span class='ocr_line' id='line_1_3' title="bbox 275 234 951 278; baseline 0.001 -11"><span class='ocrx_word' id='word_1_5' title='bbox 275 235 401 274; x_wconf 88' lang='lat' dir='ltr'><strong>Demo,</strong></span> <span class='ocrx_word' id='word_1_6' title='bbox 419 240 564 278; x_wconf 83' lang='lat' dir='ltr'><strong>patruus</strong></span> <span class='ocrx_word' id='word_1_7' title='bbox 585 234 831 268; x_wconf 83' lang='lat' dir='ltr'>Demosthenis</span> <span class='ocrx_word' id='word_1_8' title='bbox 853 236 951 276; x_wconf 89' lang='lat'><strong>1085.</strong></span> 
     </span>
    </p>

    <p class='ocr_par' dir='ltr' id='par_1_4' title="bbox 275 280 999 359">
     <span class='ocr_line' id='line_1_4' title="bbox 275 280 999 324; baseline 0 -11"><span class='ocrx_word' id='word_1_9' title='bbox 275 280 529 313; x_wconf 86' lang='lat' dir='ltr'><strong>Demosthenes</strong></span> <span class='ocrx_word' id='word_1_10' title='bbox 566 291 635 324; x_wconf 91' lang='lat' dir='ltr'><strong>quo</strong></span> <span class='ocrx_word' id='word_1_11' title='bbox 675 291 767 313; x_wconf 89' lang='lat' dir='ltr'><strong>anno</strong></span> <span class='ocrx_word' id='word_1_12' title='bbox 804 280 999 324; x_wconf 86' lang='lat' dir='ltr'><strong>adscriptus</strong></span> 
     </span>
     <span class='ocr_line' id='line_1_5' title="bbox 320 325 735 359; baseline 0 -1"><span class='ocrx_word' id='word_1_13' title='bbox 320 326 355 358; x_wconf 90' lang='lat' dir='ltr'><strong>in</strong></span> <span class='ocrx_word' id='word_1_14' title='bbox 372 326 490 359; x_wconf 89' lang='lat' dir='ltr'><strong>album</strong></span> <span class='ocrx_word' id='word_1_15' title='bbox 509 325 637 359; x_wconf 90' lang='lat' dir='ltr'><strong>civium</strong></span> <span class='ocrx_word' id='word_1_16' title='bbox 656 325 735 358; x_wconf 87' lang='lat'><strong>620.</strong></span> 
     </span>
    </p>

    <p class='ocr_par' dir='ltr' id='par_1_5' title="bbox 275 370 988 415">
     <span class='ocr_line' id='line_1_6' title="bbox 275 370 988 415; baseline 0 -11"><span class='ocrx_word' id='word_1_17' title='bbox 275 370 523 404; x_wconf 77' lang='lat' dir='ltr'><strong>Demosthenis</strong></span> <span class='ocrx_word' id='word_1_18' title='bbox 541 382 653 404; x_wconf 90' lang='lat' dir='ltr'><strong>annus</strong></span> <span class='ocrx_word' id='word_1_19' title='bbox 671 371 793 404; x_wconf 88' lang='lat' dir='ltr'><strong>natalis</strong></span> <span class='ocrx_word' id='word_1_20' title='bbox 812 371 889 412; x_wconf 84' lang='lat'><strong>604.</strong></span> <span class='ocrx_word' id='word_1_21' title='bbox 912 381 988 415; x_wconf 86' lang='lat'><strong>730.</strong></span> 
     </span>
    </p>

    <p class='ocr_par' dir='ltr' id='par_1_6' title="bbox 276 416 996 513">
     <span class='ocr_line' id='line_1_7' title="bbox 276 416 996 460; baseline 0 -11"><span class='ocrx_word' id='word_1_22' title='bbox 276 416 525 450; x_wconf 84' lang='lat' dir='ltr'><strong>Demosthenis</strong></span> <span class='ocrx_word' id='word_1_23' title='bbox 550 416 734 449; x_wconf 82' lang='lat' dir='ltr'><strong>memoriae</strong></span> <span class='ocrx_word' id='word_1_24' title='bbox 760 428 891 450; x_wconf 86' lang='lat' dir='ltr'><strong>errores</strong></span> <span class='ocrx_word' id='word_1_25' title='bbox 919 417 996 460; x_wconf 85' lang='lat'><strong>263.</strong></span> 
     </span>
     <span class='ocr_line' id='line_1_8' title="bbox 320 462 718 513; baseline -0.003 -18"><span class='ocrx_word' id='word_1_26' title='bbox 320 463 400 495; x_wconf 91' lang='lat'><strong>818.</strong></span> <span class='ocrx_word' id='word_1_27' title='bbox 419 470 501 513; x_wconf 61' lang='lat'><strong>9513</strong></span> <span class='ocrx_word' id='word_1_28' title='bbox 517 470 596 506; x_wconf 87' lang='lat'><strong>953.</strong></span> <span class='ocrx_word' id='word_1_29' title='bbox 620 462 718 505; x_wconf 85' lang='lat'><strong>1358.</strong></span> 
     </span>
    </p>

    <p class='ocr_par' dir='ltr' id='par_1_7' title="bbox 275 507 997 597">
     <span class='ocr_line' id='line_1_9' title="bbox 275 507 997 552; baseline 0 -11"><span class='ocrx_word' id='word_1_30' title='bbox 275 507 522 541; x_wconf 84' lang='lat' dir='ltr'><strong>Demosthenis</strong></span> <span class='ocrx_word' id='word_1_31' title='bbox 546 507 755 540; x_wconf 87' lang='lat' dir='ltr'><strong>Orationum</strong></span> <span class='ocrx_word' id='word_1_32' title='bbox 780 507 997 552; x_wconf 89' lang='lat' dir='ltr'><strong>quarundam</strong></span> 
     </span>
     <span class='ocr_line' id='line_1_10' title="bbox 320 552 963 597; baseline 0 -11"><span class='ocrx_word' id='word_1_33' title='bbox 320 559 475 596; x_wconf 85' lang='lat' dir='ltr'><strong>tempora</strong></span> <span class='ocrx_word' id='word_1_34' title='bbox 493 552 572 597; x_wconf 86' lang='lat'>603,</span> <span class='ocrx_word' id='word_1_35' title='bbox 590 552 668 594; x_wconf 81' lang='lat'><strong>604.</strong></span> <span class='ocrx_word' id='word_1_36' title='bbox 688 553 767 597; x_wconf 92' lang='lat'>619.</span> <span class='ocrx_word' id='word_1_37' title='bbox 787 553 865 592; x_wconf 86' lang='lat'><strong>621,</strong></span> <span class='ocrx_word' id='word_1_38' title='bbox 885 553 963 586; x_wconf 88' lang='lat'><strong>622.</strong></span> 
     </span>
    </p>
   </div>
   <div class='ocr_carea' id='block_1_3' title="bbox 810 89 1244 127">
    <p class='ocr_par' dir='ltr' id='par_1_8' title="bbox 810 89 1244 127">
     <span class='ocr_line' id='line_1_11' title="bbox 810 89 1244 127; baseline 0.005 -2"><span class='ocrx_word' id='word_1_39' title='bbox 810 89 984 126; x_wconf 92' lang='lat' dir='ltr'><strong>INDEX</strong></span> <span class='ocrx_word' id='word_1_40' title='bbox 1014 91 1244 127; x_wconf 87' lang='lat' dir='ltr'>LATINUS</span> 
     </span>
    </p>
   </div>
   <div class='ocr_carea' id='block_1_4' title="bbox 1051 190 1777 554">
    <p class='ocr_par' dir='ltr' id='par_1_9' title="bbox 1051 190 1777 554">
     <span class='ocr_line' id='line_1_12' title="bbox 1102 190 1555 236; baseline 0.007 -13"><span class='ocrx_word' id='word_1_41' title='bbox 1102 191 1197 224; x_wconf 86' lang='lat' dir='ltr'><strong>mina</strong></span> <span class='ocrx_word' id='word_1_42' title='bbox 1214 190 1483 226; x_wconf 84' lang='lat' dir='ltr'><strong>demonstrativa</strong></span> <span class='ocrx_word' id='word_1_43' title='bbox 1501 194 1555 236; x_wconf 89' lang='lat'><strong>78.</strong></span> 
     </span>
     <span class='ocr_line' id='line_1_13' title="bbox 1054 236 1626 282; baseline 0.003 -14"><span class='ocrx_word' id='word_1_44' title='bbox 1054 236 1231 279; x_wconf 87' lang='lat' dir='ltr'><strong>Josephus</strong></span> <span class='ocrx_word' id='word_1_45' title='bbox 1249 237 1331 270; x_wconf 88' lang='lat' dir='ltr'><strong>Ant.</strong></span> <span class='ocrx_word' id='word_1_46' title='bbox 1350 237 1434 271; x_wconf 89' lang='lat' dir='ltr'><strong>Jud.</strong></span> <span class='ocrx_word' id='word_1_47' title='bbox 1455 237 1507 282; x_wconf 87' lang='lat'><strong>76.</strong></span> <span class='ocrx_word' id='word_1_48' title='bbox 1531 247 1626 282; x_wconf 85' lang='lat'><strong>1037.</strong></span> 
     </span>
     <span class='ocr_line' id='line_1_14' title="bbox 1057 281 1523 327; baseline 0.006 -14"><span class='ocrx_word' id='word_1_49' title='bbox 1057 281 1216 324; x_wconf 86' lang='lat' dir='ltr'><strong>Iphiades</strong></span> <span class='ocrx_word' id='word_1_50' title='bbox 1234 282 1426 326; x_wconf 86' lang='lat' dir='ltr'><strong>Abydenus</strong></span> <span class='ocrx_word' id='word_1_51' title='bbox 1444 284 1523 327; x_wconf 87' lang='lat'><strong>946.</strong></span> 
     </span>
     <span class='ocr_line' id='line_1_15' title="bbox 1056 326 1621 372; baseline 0.005 -13"><span class='ocrx_word' id='word_1_52' title='bbox 1056 326 1142 360; x_wconf 89' lang='lat' dir='ltr'><strong>Isaei</strong></span> <span class='ocrx_word' id='word_1_53' title='bbox 1159 327 1354 361; x_wconf 89' lang='lat' dir='ltr'><strong>orationum</strong></span> <span class='ocrx_word' id='word_1_54' title='bbox 1371 334 1526 372; x_wconf 88' lang='lat' dir='ltr'><strong>tempora</strong></span> <span class='ocrx_word' id='word_1_55' title='bbox 1543 328 1621 362; x_wconf 90' lang='lat'><strong>622.</strong></span> 
     </span>
     <span class='ocr_line' id='line_1_16' title="bbox 1056 372 1341 417; baseline 0.004 -12"><span class='ocrx_word' id='word_1_56' title='bbox 1056 372 1245 406; x_wconf 88' lang='lat' dir='ltr'><strong>Ischander</strong></span> <span class='ocrx_word' id='word_1_57' title='bbox 1262 374 1341 417; x_wconf 85' lang='lat'><strong>487.</strong></span> 
     </span>
     <span class='ocr_line' id='line_1_17' title="bbox 1056 417 1776 464; baseline 0.003 -14"><span class='ocrx_word' id='word_1_58' title='bbox 1056 417 1215 451; x_wconf 89' lang='lat' dir='ltr'><strong>Isocratis</strong></span> <span class='ocrx_word' id='word_1_59' title='bbox 1234 418 1276 452; x_wconf 90' lang='lat' dir='ltr'><strong>de</strong></span> <span class='ocrx_word' id='word_1_60' title='bbox 1301 420 1551 462; x_wconf 83' lang='lat' dir='ltr'><strong>permutatione</strong></span> <span class='ocrx_word' id='word_1_61' title='bbox 1567 419 1688 462; x_wconf 78' lang='grc' dir='ltr'>μελέτη</span> <span class='ocrx_word' id='word_1_62' title='bbox 1708 431 1776 464; x_wconf 92' lang='lat' dir='ltr'><strong>quo</strong></span> 
     </span>
     <span class='ocr_line' id='line_1_18' title="bbox 1099 464 1494 509; baseline 0.003 -13"><span class='ocrx_word' id='word_1_63' title='bbox 1099 469 1254 507; x_wconf 90' lang='lat' dir='ltr'><strong>tempore</strong></span> <span class='ocrx_word' id='word_1_64' title='bbox 1272 464 1398 507; x_wconf 90' lang='lat' dir='ltr'><strong>scripta</strong></span> <span class='ocrx_word' id='word_1_65' title='bbox 1416 464 1494 509; x_wconf 87' lang='lat'><strong>627.</strong></span> 
     </span>
     <span class='ocr_line' id='line_1_19' title="bbox 1051 509 1777 554; baseline 0.001 -12"><span class='ocrx_word' id='word_1_66' title='bbox 1051 509 1298 553; x_wconf 89' lang='lat' dir='ltr'><strong>jusjurandum</strong></span> <span class='ocrx_word' id='word_1_67' title='bbox 1325 510 1485 554; x_wconf 89' lang='lat' dir='ltr'><strong>judicum</strong></span> <span class='ocrx_word' id='word_1_68' title='bbox 1512 510 1777 544; x_wconf 85' lang='lat' dir='ltr'><strong>Atheniensium</strong></span> 
     </span>
    </p>
   </div>
   <div class='ocr_carea' id='block_1_5' title="bbox 1100 554 1277 598">
    <p class='ocr_par' dir='ltr' id='par_1_10' title="bbox 1100 554 1277 598">
     <span class='ocr_line' id='line_1_20' title="bbox 1100 554 1277 598; baseline 0.006 -11"><span class='ocrx_word' id='word_1_69' title='bbox 1100 554 1179 598; x_wconf 83' lang='lat'><strong>634.</strong></span> <span class='ocrx_word' id='word_1_70' title='bbox 1200 563 1277 598; x_wconf 89' lang='lat'><strong>702.</strong></span> 
     </span>
    </p>
   </div>
   <div class='ocr_carea' id='block_1_6' title="bbox 275 598 1775 645">
    <p class='ocr_par' dir='ltr' id='par_1_11' title="bbox 275 598 1775 645">
     <span class='ocr_line' id='line_1_21' title="bbox 275 598 1775 645; baseline 0.002 -14"><span class='ocrx_word' id='word_1_71' title='bbox 275 598 522 632; x_wconf 85' lang='lat' dir='ltr'><strong>Demosthenis</strong></span> <span class='ocrx_word' id='word_1_72' title='bbox 549 598 668 632; x_wconf 87' lang='lat' dir='ltr'><strong>Oratio</strong></span> <span class='ocrx_word' id='word_1_73' title='bbox 694 598 729 631; x_wconf 91' lang='lat' dir='ltr'><strong>in</strong></span> <span class='ocrx_word' id='word_1_74' title='bbox 751 599 996 638; x_wconf 84' lang='lat' dir='ltr'><strong>Timocratem,</strong></span> <span class='ocrx_word' id='word_1_75' title='bbox 1047 600 1299 644; x_wconf 80' lang='lat' dir='ltr'><strong>jusjurandum</strong></span> <span class='ocrx_word' id='word_1_76' title='bbox 1333 601 1378 643; x_wconf 87' lang='grc' dir='ltr'><strong>μὰ</strong></span> <span class='ocrx_word' id='word_1_77' title='bbox 1410 601 1486 636; x_wconf 84' lang='grc' dir='ltr'>τοὺς</span> <span class='ocrx_word' id='word_1_78' title='bbox 1527 601 1561 634; x_wconf 81' lang='grc' dir='ltr'><strong>ἐν</strong></span> <span class='ocrx_word' id='word_1_79' title='bbox 1595 601 1775 645; x_wconf 83' lang='grc' dir='ltr'>Μαραθῶνι</span> 
     </span>
    </p>
   </div>
   <div class='ocr_carea' id='block_1_7' title="bbox 320 643 795 688">
    <p class='ocr_par' dir='ltr' id='par_1_12' title="bbox 320 643 795 688">
     <span class='ocr_line' id='line_1_22' title="bbox 320 643 795 688; baseline 0 -11"><span class='ocrx_word' id='word_1_80' title='bbox 320 645 355 677; x_wconf 82' lang='grc'><strong>111</strong></span> <span class='ocrx_word' id='word_1_81' title='bbox 374 655 438 678; x_wconf 88' lang='lat' dir='ltr'><strong>suo</strong></span> <span class='ocrx_word' id='word_1_82' title='bbox 455 655 579 688; x_wconf 85' lang='lat' dir='ltr'><strong>genere</strong></span> <span class='ocrx_word' id='word_1_83' title='bbox 597 644 699 677; x_wconf 88' lang='lat' dir='ltr'><strong>unica</strong></span> <span class='ocrx_word' id='word_1_84' title='bbox 716 643 795 687; x_wconf 86' lang='lat'><strong>630.</strong></span> 
     </span>
    </p>
   </div>
   <div class='ocr_carea' id='block_1_8' title="bbox 1099 656 1178 689">
    <p class='ocr_par' dir='ltr' id='par_1_13' title="bbox 1099 656 1178 689">
     <span class='ocr_line' id='line_1_23' title="bbox 1099 656 1178 689; baseline 0.025 -2"><span class='ocrx_word' id='word_1_85' title='bbox 1099 656 1178 689; x_wconf 81' lang='lat'>430-</span> 
     </span>
    </p>
   </div>
   <div class='ocr_carea' id='block_1_9' title="bbox 275 689 1776 736">
    <p class='ocr_par' dir='ltr' id='par_1_14' title="bbox 275 689 1776 736">
     <span class='ocr_line' id='line_1_24' title="bbox 275 689 1776 736; baseline 0.002 -14"><span class='ocrx_word' id='word_1_86' title='bbox 275 689 522 723; x_wconf 86' lang='lat' dir='ltr'><strong>Demosthenis</strong></span> <span class='ocrx_word' id='word_1_87' title='bbox 543 689 663 723; x_wconf 85' lang='lat' dir='ltr'><strong>Oratio</strong></span> <span class='ocrx_word' id='word_1_88' title='bbox 687 690 764 733; x_wconf 78' lang='grc' dir='ltr'>περὶ</span> <span class='ocrx_word' id='word_1_89' title='bbox 790 693 995 734; x_wconf 83' lang='grc' dir='ltr'>συμμοριῶν,</span> <span class='ocrx_word' id='word_1_90' title='bbox 1047 691 1296 735; x_wconf 86' lang='lat' dir='ltr'><strong>jusjurandum</strong></span> <span class='ocrx_word' id='word_1_91' title='bbox 1329 703 1389 734; x_wconf 91' lang='lat' dir='ltr'><strong>per</strong></span> <span class='ocrx_word' id='word_1_92' title='bbox 1415 692 1552 732; x_wconf 88' lang='lat' dir='ltr'><strong>Jovem,</strong></span> <span class='ocrx_word' id='word_1_93' title='bbox 1579 692 1776 736; x_wconf 85' lang='lat' dir='ltr'><strong>Apollinem</strong></span> 
     </span>
    </p>
   </div>
   <div class='ocr_carea' id='block_1_10' title="bbox 269 735 997 2917">
    <p class='ocr_par' dir='ltr' id='par_1_15' title="bbox 321 735 783 780">
     <span class='ocr_line' id='line_1_25' title="bbox 321 735 783 780; baseline 0 -12"><span class='ocrx_word' id='word_1_94' title='bbox 321 747 390 780; x_wconf 91' lang='lat' dir='ltr'><strong>quo</strong></span> <span class='ocrx_word' id='word_1_95' title='bbox 408 735 552 769; x_wconf 89' lang='lat' dir='ltr'><strong>consilio</strong></span> <span class='ocrx_word' id='word_1_96' title='bbox 569 735 686 768; x_wconf 88' lang='lat' dir='ltr'><strong>habita</strong></span> <span class='ocrx_word' id='word_1_97' title='bbox 704 735 783 768; x_wconf 89' lang='lat'><strong>622.</strong></span> 
     </span>
    </p>

    <p class='ocr_par' dir='ltr' id='par_1_16' title="bbox 275 780 996 871">
     <span class='ocr_line' id='line_1_26' title="bbox 275 780 996 825; baseline 0 -11"><span class='ocrx_word' id='word_1_98' title='bbox 275 781 504 814; x_wconf 87' lang='lat' dir='ltr'><strong>Demostheni</strong></span> <span class='ocrx_word' id='word_1_99' title='bbox 520 781 691 814; x_wconf 88' lang='lat' dir='ltr'><strong>orationes</strong></span> <span class='ocrx_word' id='word_1_100' title='bbox 709 780 878 825; x_wconf 80' lang='lat' dir='ltr'><strong>quaedam</strong></span> <span class='ocrx_word' id='word_1_101' title='bbox 899 781 996 825; x_wconf 89' lang='lat' dir='ltr'><strong>abju-</strong></span> 
     </span>
     <span class='ocr_line' id='line_1_27' title="bbox 321 825 744 871; baseline 0 -12"><span class='ocrx_word' id='word_1_102' title='bbox 321 826 451 860; x_wconf 87' lang='lat' dir='ltr'><strong>dicatae</strong></span> <span class='ocrx_word' id='word_1_103' title='bbox 469 826 548 870; x_wconf 86' lang='lat'><strong>603.</strong></span> <span class='ocrx_word' id='word_1_104' title='bbox 567 825 645 871; x_wconf 88' lang='lat'><strong>609.</strong></span> <span class='ocrx_word' id='word_1_105' title='bbox 665 826 744 870; x_wconf 90' lang='grc'>633.</span> 
     </span>
    </p>

    <p class='ocr_par' dir='ltr' id='par_1_17' title="bbox 275 871 996 1005">
     <span class='ocr_line' id='line_1_28' title="bbox 275 871 996 916; baseline 0 -11"><span class='ocrx_word' id='word_1_106' title='bbox 275 872 522 905; x_wconf 88' lang='lat' dir='ltr'><strong>Demosthenis</strong></span> <span class='ocrx_word' id='word_1_107' title='bbox 541 872 712 905; x_wconf 87' lang='lat' dir='ltr'><strong>orationes</strong></span> <span class='ocrx_word' id='word_1_108' title='bbox 731 871 847 905; x_wconf 87' lang='lat' dir='ltr'><strong>decem</strong></span> <span class='ocrx_word' id='word_1_109' title='bbox 868 872 996 916; x_wconf 84' lang='lat' dir='ltr'><strong>primae</strong></span> 
     </span>
     <span class='ocr_line' id='line_1_29' title="bbox 320 917 996 962; baseline 0.001 -12"><span class='ocrx_word' id='word_1_110' title='bbox 320 918 515 952; x_wconf 79' lang='grc' dir='ltr'>Φιλιππικοὶ</span> <span class='ocrx_word' id='word_1_111' title='bbox 539 919 637 962; x_wconf 82' lang='grc' dir='ltr'>λόγοι</span> <span class='ocrx_word' id='word_1_112' title='bbox 661 917 769 951; x_wconf 86' lang='lat' dir='ltr'><strong>dictae</strong></span> <span class='ocrx_word' id='word_1_113' title='bbox 787 929 805 950; x_wconf 87' lang='lat' dir='ltr'><strong>a</strong></span> <span class='ocrx_word' id='word_1_114' title='bbox 823 929 996 960; x_wconf 81' lang='lat' dir='ltr'><strong>gramma-</strong></span> 
     </span>
     <span class='ocr_line' id='line_1_30' title="bbox 320 963 468 1005; baseline -0.007 -9"><span class='ocrx_word' id='word_1_115' title='bbox 320 963 396 996; x_wconf 86' lang='lat' dir='ltr'><strong>ticis</strong></span> <span class='ocrx_word' id='word_1_116' title='bbox 437 975 468 1005; x_wconf 89' lang='lat'><strong>4.</strong></span> 
     </span>
    </p>

    <p class='ocr_par' dir='ltr' id='par_1_18' title="bbox 275 975 936 1042">
     <span class='ocr_line' id='line_1_31' title="bbox 275 975 936 1042; baseline 0 -1"><span class='ocrx_word' id='word_1_117' title='bbox 275 975 529 1042; x_wconf 79' lang='lat' dir='ltr'><strong>Demost9henes</strong></span> <span class='ocrx_word' id='word_1_118' title='bbox 547 1008 755 1042; x_wconf 91' lang='lat' dir='ltr'><strong>Alcisthenis</strong></span> <span class='ocrx_word' id='word_1_119' title='bbox 774 1008 863 1042; x_wconf 80' lang='lat' dir='ltr'><strong>filius</strong></span> <span class='ocrx_word' id='word_1_120' title='bbox 882 1009 936 1042; x_wconf 87' lang='lat'><strong>81.</strong></span> 
     </span>
    </p>

    <p class='ocr_par' dir='ltr' id='par_1_19' title="bbox 275 1053 619 1098">
     <span class='ocr_line' id='line_1_32' title="bbox 275 1053 619 1098; baseline 0 -11"><span class='ocrx_word' id='word_1_121' title='bbox 275 1053 321 1087; x_wconf 82' lang='lat' dir='ltr'><strong>dii</strong></span> <span class='ocrx_word' id='word_1_122' title='bbox 338 1055 498 1098; x_wconf 83' lang='grc' dir='ltr'>πάρεδροι</span> <span class='ocrx_word' id='word_1_123' title='bbox 520 1065 619 1098; x_wconf 90' lang='lat'><strong>1029.</strong></span> 
     </span>
    </p>

    <p class='ocr_par' dir='ltr' id='par_1_20' title="bbox 274 1099 686 1143">
     <span class='ocr_line' id='line_1_33' title="bbox 274 1099 686 1143; baseline 0 -11"><span class='ocrx_word' id='word_1_124' title='bbox 274 1099 344 1132; x_wconf 90' lang='lat' dir='ltr'><strong>Dio</strong></span> <span class='ocrx_word' id='word_1_125' title='bbox 364 1099 590 1132; x_wconf 85' lang='lat' dir='ltr'><strong>Phrearrhius</strong></span> <span class='ocrx_word' id='word_1_126' title='bbox 608 1110 686 1143; x_wconf 85' lang='lat'><strong>392.</strong></span> 
     </span>
    </p>

    <p class='ocr_par' dir='ltr' id='par_1_21' title="bbox 275 1145 486 1188">
     <span class='ocr_line' id='line_1_34' title="bbox 275 1145 486 1188; baseline 0.005 -11"><span class='ocrx_word' id='word_1_127' title='bbox 275 1145 390 1178; x_wconf 90' lang='lat' dir='ltr'><strong>Dione</strong></span> <span class='ocrx_word' id='word_1_128' title='bbox 409 1146 486 1188; x_wconf 92' lang='lat'><strong>780.</strong></span> 
     </span>
    </p>

    <p class='ocr_par' dir='ltr' id='par_1_22' title="bbox 275 1189 799 1235">
     <span class='ocr_line' id='line_1_35' title="bbox 275 1189 799 1235; baseline -0.002 -12"><span class='ocrx_word' id='word_1_129' title='bbox 275 1190 466 1235; x_wconf 88' lang='lat' dir='ltr'><strong>Dionysius</strong></span> <span class='ocrx_word' id='word_1_130' title='bbox 486 1189 597 1223; x_wconf 90' lang='lat' dir='ltr'><strong>Halic.</strong></span> <span class='ocrx_word' id='word_1_131' title='bbox 616 1202 681 1223; x_wconf 90' lang='lat' dir='ltr'><strong>em.</strong></span> <span class='ocrx_word' id='word_1_132' title='bbox 701 1191 799 1231; x_wconf 85' lang='lat'><strong>1158.</strong></span> 
     </span>
    </p>

    <p class='ocr_par' dir='ltr' id='par_1_23' title="bbox 275 1235 780 1279">
     <span class='ocr_line' id='line_1_36' title="bbox 275 1235 780 1279; baseline 0 -11"><span class='ocrx_word' id='word_1_133' title='bbox 275 1236 451 1279; x_wconf 86' lang='lat' dir='ltr'><strong>Epicrates</strong></span> <span class='ocrx_word' id='word_1_134' title='bbox 470 1235 684 1279; x_wconf 81' lang='lat' dir='ltr'><strong>demagogus</strong></span> <span class='ocrx_word' id='word_1_135' title='bbox 701 1244 780 1279; x_wconf 83' lang='lat'><strong>573.</strong></span> 
     </span>
    </p>

    <p class='ocr_par' dir='ltr' id='par_1_24' title="bbox 275 1281 995 1370">
     <span class='ocr_line' id='line_1_37' title="bbox 275 1281 995 1325; baseline 0.001 -11"><span class='ocrx_word' id='word_1_136' title='bbox 275 1281 443 1325; x_wconf 90' lang='lat' dir='ltr'><strong>Equitum</strong></span> <span class='ocrx_word' id='word_1_137' title='bbox 471 1281 667 1314; x_wconf 86' lang='lat' dir='ltr'><strong>Atticorum</strong></span> <span class='ocrx_word' id='word_1_138' title='bbox 695 1281 731 1314; x_wconf 91' lang='lat' dir='ltr'><strong>in</strong></span> <span class='ocrx_word' id='word_1_139' title='bbox 765 1282 901 1325; x_wconf 88' lang='lat' dir='ltr'><strong>pompis</strong></span> <span class='ocrx_word' id='word_1_140' title='bbox 932 1281 995 1315; x_wconf 88' lang='lat' dir='ltr'><strong>du-</strong></span> 
     </span>
     <span class='ocr_line' id='line_1_38' title="bbox 320 1326 651 1370; baseline -0.003 -10"><span class='ocrx_word' id='word_1_141' title='bbox 320 1326 437 1360; x_wconf 85' lang='lat' dir='ltr'><strong>cendis</strong></span> <span class='ocrx_word' id='word_1_142' title='bbox 456 1338 559 1370; x_wconf 90' lang='lat' dir='ltr'><strong>opera</strong></span> <span class='ocrx_word' id='word_1_143' title='bbox 576 1335 651 1368; x_wconf 90' lang='lat'><strong>105.</strong></span> 
     </span>
    </p>

    <p class='ocr_par' dir='ltr' id='par_1_25' title="bbox 275 1372 585 1416">
     <span class='ocr_line' id='line_1_39' title="bbox 275 1372 585 1416; baseline -0.003 -11"><span class='ocrx_word' id='word_1_144' title='bbox 275 1372 488 1416; x_wconf 86' lang='lat' dir='ltr'><strong>Ergophilus</strong></span> <span class='ocrx_word' id='word_1_145' title='bbox 507 1380 585 1415; x_wconf 81' lang='lat'><strong>543.</strong></span> 
     </span>
    </p>

    <p class='ocr_par' dir='ltr' id='par_1_26' title="bbox 274 1417 680 1462">
     <span class='ocr_line' id='line_1_40' title="bbox 274 1417 680 1462; baseline -0.002 -11"><span class='ocrx_word' id='word_1_146' title='bbox 274 1418 426 1462; x_wconf 91' lang='lat' dir='ltr'><strong>Etymol.</strong></span> <span class='ocrx_word' id='word_1_147' title='bbox 446 1417 498 1451; x_wconf 90' lang='lat' dir='ltr'><strong>M.</strong></span> <span class='ocrx_word' id='word_1_148' title='bbox 517 1429 583 1451; x_wconf 87' lang='lat' dir='ltr'><strong>em.</strong></span> <span class='ocrx_word' id='word_1_149' title='bbox 602 1418 680 1461; x_wconf 87' lang='lat'><strong>858.</strong></span> 
     </span>
    </p>

    <p class='ocr_par' dir='ltr' id='par_1_27' title="bbox 275 1463 898 1508">
     <span class='ocr_line' id='line_1_41' title="bbox 275 1463 898 1508; baseline 0 -12"><span class='ocrx_word' id='word_1_150' title='bbox 275 1463 436 1496; x_wconf 86' lang='lat' dir='ltr'><strong>Eubulus</strong></span> <span class='ocrx_word' id='word_1_151' title='bbox 454 1463 704 1508; x_wconf 87' lang='lat' dir='ltr'><strong>Anaphlystius</strong></span> <span class='ocrx_word' id='word_1_152' title='bbox 723 1463 801 1507; x_wconf 84' lang='lat'><strong>316.</strong></span> <span class='ocrx_word' id='word_1_153' title='bbox 820 1464 898 1508; x_wconf 87' lang='lat'><strong>839.</strong></span> 
     </span>
    </p>

    <p class='ocr_par' dir='ltr' id='par_1_28' title="bbox 274 1508 693 1552">
     <span class='ocr_line' id='line_1_42' title="bbox 274 1508 693 1552; baseline -0.002 -10"><span class='ocrx_word' id='word_1_154' title='bbox 274 1508 436 1542; x_wconf 87' lang='lat' dir='ltr'><strong>Euclides</strong></span> <span class='ocrx_word' id='word_1_155' title='bbox 455 1509 596 1542; x_wconf 86' lang='lat' dir='ltr'><strong>Archon</strong></span> <span class='ocrx_word' id='word_1_156' title='bbox 615 1512 693 1552; x_wconf 82' lang='lat'><strong>029.</strong></span> 
     </span>
    </p>

    <p class='ocr_par' dir='ltr' id='par_1_29' title="bbox 274 1554 836 1598">
     <span class='ocr_line' id='line_1_43' title="bbox 274 1554 836 1598; baseline -0.002 -10"><span class='ocrx_word' id='word_1_157' title='bbox 274 1554 507 1588; x_wconf 88' lang='lat' dir='ltr'><strong>Euctemones</strong></span> <span class='ocrx_word' id='word_1_158' title='bbox 525 1555 641 1598; x_wconf 91' lang='lat' dir='ltr'><strong>plures</strong></span> <span class='ocrx_word' id='word_1_159' title='bbox 661 1554 739 1588; x_wconf 87' lang='lat'><strong>826.</strong></span> <span class='ocrx_word' id='word_1_160' title='bbox 755 1555 836 1596; x_wconf 86' lang='lat'><strong>842.</strong></span> 
     </span>
    </p>

    <p class='ocr_par' dir='ltr' id='par_1_30' title="bbox 274 1600 837 1644">
     <span class='ocr_line' id='line_1_44' title="bbox 274 1600 837 1644; baseline 0 -11"><span class='ocrx_word' id='word_1_161' title='bbox 274 1600 481 1644; x_wconf 88' lang='lat' dir='ltr'><strong>Euphiletus</strong></span> <span class='ocrx_word' id='word_1_162' title='bbox 501 1601 716 1633; x_wconf 88' lang='lat' dir='ltr'><strong>Aexonensis</strong></span> <span class='ocrx_word' id='word_1_163' title='bbox 740 1609 837 1644; x_wconf 87' lang='lat'><strong>1370.</strong></span> 
     </span>
    </p>

    <p class='ocr_par' dir='ltr' id='par_1_31' title="bbox 273 1645 564 1689">
     <span class='ocr_line' id='line_1_45' title="bbox 273 1645 564 1689; baseline 0 -11"><span class='ocrx_word' id='word_1_164' title='bbox 273 1645 467 1689; x_wconf 87' lang='lat' dir='ltr'><strong>Eurybates</strong></span> <span class='ocrx_word' id='word_1_165' title='bbox 485 1646 564 1689; x_wconf 89' lang='lat'><strong>318.</strong></span> 
     </span>
    </p>

    <p class='ocr_par' dir='ltr' id='par_1_32' title="bbox 273 1690 983 1734">
     <span class='ocr_line' id='line_1_46' title="bbox 273 1690 983 1734; baseline 0.001 -11"><span class='ocrx_word' id='word_1_166' title='bbox 273 1690 462 1734; x_wconf 87' lang='lat' dir='ltr'><strong>Euthycles</strong></span> <span class='ocrx_word' id='word_1_167' title='bbox 480 1696 658 1724; x_wconf 84' lang='lat' dir='ltr'><strong>accusator</strong></span> <span class='ocrx_word' id='word_1_168' title='bbox 671 1691 890 1724; x_wconf 88' lang='lat' dir='ltr'><strong>Aristocratis</strong></span> <span class='ocrx_word' id='word_1_169' title='bbox 905 1692 983 1725; x_wconf 87' lang='lat'><strong>880.</strong></span> 
     </span>
    </p>

    <p class='ocr_par' dir='ltr' id='par_1_33' title="bbox 273 1736 970 1781">
     <span class='ocr_line' id='line_1_47' title="bbox 273 1736 970 1781; baseline 0 -12"><span class='ocrx_word' id='word_1_170' title='bbox 273 1736 503 1781; x_wconf 82' lang='lat' dir='ltr'><strong>Euthycrates</strong></span> <span class='ocrx_word' id='word_1_171' title='bbox 522 1736 693 1780; x_wconf 91' lang='lat' dir='ltr'><strong>(proditor</strong></span> <span class='ocrx_word' id='word_1_172' title='bbox 712 1736 873 1781; x_wconf 82' lang='lat' dir='ltr'><strong>Olynthi)</strong></span> <span class='ocrx_word' id='word_1_173' title='bbox 891 1746 970 1781; x_wconf 85' lang='lat'><strong>335.</strong></span> 
     </span>
    </p>

    <p class='ocr_par' dir='ltr' id='par_1_34' title="bbox 272 1781 993 1827">
     <span class='ocr_line' id='line_1_48' title="bbox 272 1781 993 1827; baseline 0.003 -13"><span class='ocrx_word' id='word_1_174' title='bbox 272 1782 547 1825; x_wconf 83' lang='lat' dir='ltr'><strong>extemporalitas</strong></span> <span class='ocrx_word' id='word_1_175' title='bbox 588 1781 681 1826; x_wconf 90' lang='lat' dir='ltr'><strong>apud</strong></span> <span class='ocrx_word' id='word_1_176' title='bbox 721 1788 873 1816; x_wconf 86' lang='lat' dir='ltr'><strong>oratores</strong></span> <span class='ocrx_word' id='word_1_177' title='bbox 914 1792 993 1827; x_wconf 83' lang='lat'><strong>337.</strong></span> 
     </span>
    </p>

    <p class='ocr_par' dir='ltr' id='par_1_35' title="bbox 272 1872 997 1961">
     <span class='ocr_line' id='line_1_49' title="bbox 272 1872 997 1908; baseline 0.003 -3"><span class='ocrx_word' id='word_1_178' title='bbox 272 1872 408 1906; x_wconf 84' lang='lat' dir='ltr'><strong>fabulae</strong></span> <span class='ocrx_word' id='word_1_179' title='bbox 434 1873 579 1906; x_wconf 89' lang='lat' dir='ltr'><strong>Athenis</strong></span> <span class='ocrx_word' id='word_1_180' title='bbox 602 1873 742 1906; x_wconf 89' lang='lat' dir='ltr'><strong>nonnisi</strong></span> <span class='ocrx_word' id='word_1_181' title='bbox 767 1873 878 1907; x_wconf 85' lang='lat' dir='ltr'><strong>tribus</strong></span> <span class='ocrx_word' id='word_1_182' title='bbox 902 1875 997 1908; x_wconf 87' lang='lat' dir='ltr'><strong>festis</strong></span> 
     </span>
     <span class='ocr_line' id='line_1_50' title="bbox 319 1917 649 1961; baseline 0.003 -10"><span class='ocrx_word' id='word_1_183' title='bbox 319 1917 441 1951; x_wconf 90' lang='lat' dir='ltr'><strong>diebus</strong></span> <span class='ocrx_word' id='word_1_184' title='bbox 459 1924 552 1951; x_wconf 87' lang='lat' dir='ltr'><strong>actae</strong></span> <span class='ocrx_word' id='word_1_185' title='bbox 570 1918 649 1961; x_wconf 90' lang='lat'><strong>615.</strong></span> 
     </span>
    </p>

    <p class='ocr_par' dir='ltr' id='par_1_36' title="bbox 272 1962 715 2007">
     <span class='ocr_line' id='line_1_51' title="bbox 272 1962 715 2007; baseline 0.002 -11"><span class='ocrx_word' id='word_1_186' title='bbox 272 1962 356 1996; x_wconf 85' lang='lat' dir='ltr'><strong>fides</strong></span> <span class='ocrx_word' id='word_1_187' title='bbox 374 1964 521 1997; x_wconf 88' lang='lat' dir='ltr'><strong>oratoria</strong></span> <span class='ocrx_word' id='word_1_188' title='bbox 539 1963 617 2007; x_wconf 90' lang='grc'>603.</span> <span class='ocrx_word' id='word_1_189' title='bbox 637 1963 715 1998; x_wconf 90' lang='lat'><strong>610.</strong></span> 
     </span>
    </p>

    <p class='ocr_par' dir='ltr' id='par_1_37' title="bbox 271 2008 995 2099">
     <span class='ocr_line' id='line_1_52' title="bbox 271 2008 995 2043; baseline 0.001 -1"><span class='ocrx_word' id='word_1_190' title='bbox 271 2008 487 2042; x_wconf 89' lang='lat' dir='ltr'><strong>frumentum</strong></span> <span class='ocrx_word' id='word_1_191' title='bbox 501 2021 541 2042; x_wconf 88' lang='lat' dir='ltr'><strong>ex</strong></span> <span class='ocrx_word' id='word_1_192' title='bbox 562 2009 673 2043; x_wconf 91' lang='lat' dir='ltr'><strong>Ponto</strong></span> <span class='ocrx_word' id='word_1_193' title='bbox 688 2015 721 2042; x_wconf 91' lang='lat' dir='ltr'><strong>et</strong></span> <span class='ocrx_word' id='word_1_194' title='bbox 735 2009 873 2043; x_wconf 87' lang='lat' dir='ltr'><strong>aliunde</strong></span> <span class='ocrx_word' id='word_1_195' title='bbox 888 2010 995 2043; x_wconf 89' lang='lat' dir='ltr'><strong>Athe-</strong></span> 
     </span>
     <span class='ocr_line' id='line_1_53' title="bbox 318 2055 771 2099; baseline 0.002 -12"><span class='ocrx_word' id='word_1_196' title='bbox 318 2066 380 2087; x_wconf 89' lang='lat' dir='ltr'><strong>nas</strong></span> <span class='ocrx_word' id='word_1_197' title='bbox 398 2055 574 2088; x_wconf 90' lang='lat' dir='ltr'><strong>invectum</strong></span> <span class='ocrx_word' id='word_1_198' title='bbox 593 2055 672 2099; x_wconf 90' lang='grc'>360.</span> <span class='ocrx_word' id='word_1_199' title='bbox 692 2055 771 2088; x_wconf 90' lang='grc'>661.</span> 
     </span>
    </p>

    <p class='ocr_par' dir='ltr' id='par_1_38' title="bbox 272 2099 722 2145">
     <span class='ocr_line' id='line_1_54' title="bbox 272 2099 722 2145; baseline 0 -12"><span class='ocrx_word' id='word_1_200' title='bbox 272 2099 426 2133; x_wconf 90' lang='lat' dir='ltr'><strong>Glaucus</strong></span> <span class='ocrx_word' id='word_1_201' title='bbox 447 2100 625 2145; x_wconf 82' lang='lat' dir='ltr'><strong>Carystius</strong></span> <span class='ocrx_word' id='word_1_202' title='bbox 644 2109 722 2144; x_wconf 84' lang='lat'><strong>470.</strong></span> 
     </span>
    </p>

    <p class='ocr_par' dir='ltr' id='par_1_39' title="bbox 272 2144 993 2234">
     <span class='ocr_line' id='line_1_55' title="bbox 272 2144 993 2185; baseline 0.001 -7"><span class='ocrx_word' id='word_1_203' title='bbox 272 2144 422 2178; x_wconf 86' lang='lat' dir='ltr'><strong>Graecos</strong></span> <span class='ocrx_word' id='word_1_204' title='bbox 440 2145 606 2185; x_wconf 76' lang='lat' dir='ltr'><strong>barbaris,</strong></span> <span class='ocrx_word' id='word_1_205' title='bbox 621 2158 691 2179; x_wconf 91' lang='lat' dir='ltr'><strong>non</strong></span> <span class='ocrx_word' id='word_1_206' title='bbox 710 2146 875 2179; x_wconf 89' lang='lat' dir='ltr'><strong>barbaros</strong></span> <span class='ocrx_word' id='word_1_207' title='bbox 888 2146 993 2179; x_wconf 90' lang='lat' dir='ltr'><strong>Grae—</strong></span> 
     </span>
     <span class='ocr_line' id='line_1_56' title="bbox 318 2191 762 2234; baseline 0.002 -11"><span class='ocrx_word' id='word_1_208' title='bbox 318 2191 365 2223; x_wconf 91' lang='lat' dir='ltr'><strong>cis</strong></span> <span class='ocrx_word' id='word_1_209' title='bbox 384 2191 552 2234; x_wconf 88' lang='lat' dir='ltr'><strong>imperare</strong></span> <span class='ocrx_word' id='word_1_210' title='bbox 571 2191 689 2224; x_wconf 88' lang='lat' dir='ltr'><strong>decere</strong></span> <span class='ocrx_word' id='word_1_211' title='bbox 707 2192 762 2234; x_wconf 84' lang='lat'><strong>83.</strong></span> 
     </span>
    </p>

    <p class='ocr_par' dir='ltr' id='par_1_40' title="bbox 272 2235 594 2280">
     <span class='ocr_line' id='line_1_57' title="bbox 272 2235 594 2280; baseline -0.003 -11"><span class='ocrx_word' id='word_1_212' title='bbox 272 2235 497 2269; x_wconf 89' lang='lat' dir='ltr'><strong>Halonnesus</strong></span> <span class='ocrx_word' id='word_1_213' title='bbox 518 2247 594 2280; x_wconf 84' lang='lat'><strong>139.</strong></span> 
     </span>
    </p>

    <p class='ocr_par' dir='ltr' id='par_1_41' title="bbox 272 2280 996 2360">
     <span class='ocr_line' id='line_1_58' title="bbox 272 2280 996 2325; baseline 0 -11"><span class='ocrx_word' id='word_1_214' title='bbox 272 2280 455 2314; x_wconf 81' lang='lat' dir='ltr'><strong>Harmodii</strong></span> <span class='ocrx_word' id='word_1_215' title='bbox 494 2287 526 2314; x_wconf 89' lang='lat' dir='ltr'><strong>et</strong></span> <span class='ocrx_word' id='word_1_216' title='bbox 559 2281 805 2325; x_wconf 82' lang='lat' dir='ltr'><strong>Aristogitonis</strong></span> <span class='ocrx_word' id='word_1_217' title='bbox 846 2283 996 2325; x_wconf 86' lang='lat' dir='ltr'><strong>praemia</strong></span> 
     </span>
     <span class='ocr_line' id='line_1_59' title="bbox 317 2326 396 2360; baseline 0 -1"><span class='ocrx_word' id='word_1_218' title='bbox 317 2326 361 2360; x_wconf 93' lang='lat'><strong>60</strong></span> <span class='ocrx_word' id='word_1_219' title='bbox 389 2353 396 2359; x_wconf 93' lang='lat'><strong>.</strong></span> 
     </span>
    </p>

    <p class='ocr_par' dir='ltr' id='par_1_42' title="bbox 272 2336 887 2416">
     <span class='ocr_line' id='line_1_60' title="bbox 272 2336 887 2416; baseline -0.002 -11"><span class='ocrx_word' id='word_1_220' title='bbox 272 2336 507 2405; x_wconf 76' lang='lat' dir='ltr'><strong>Helia5starum</strong></span> <span class='ocrx_word' id='word_1_221' title='bbox 520 2371 767 2416; x_wconf 87' lang='lat' dir='ltr'><strong>jusjurandum</strong></span> <span class='ocrx_word' id='word_1_222' title='bbox 789 2382 887 2416; x_wconf 88' lang='grc'>1003.</span> 
     </span>
    </p>

    <p class='ocr_par' dir='ltr' id='par_1_43' title="bbox 272 2417 764 2459">
     <span class='ocr_line' id='line_1_61' title="bbox 272 2417 764 2459; baseline 0 -9"><span class='ocrx_word' id='word_1_223' title='bbox 272 2417 522 2450; x_wconf 87' lang='lat' dir='ltr'><strong>Heracleorum</strong></span> <span class='ocrx_word' id='word_1_224' title='bbox 540 2418 668 2450; x_wconf 89' lang='lat' dir='ltr'><strong>festum</strong></span> <span class='ocrx_word' id='word_1_225' title='bbox 686 2426 764 2459; x_wconf 89' lang='lat'><strong>514.</strong></span> 
     </span>
    </p>

    <p class='ocr_par' dir='ltr' id='par_1_44' title="bbox 272 2462 721 2507">
     <span class='ocr_line' id='line_1_62' title="bbox 272 2462 721 2507; baseline 0.002 -12"><span class='ocrx_word' id='word_1_226' title='bbox 272 2462 475 2496; x_wconf 82' lang='lat' dir='ltr'><strong>Heraclides</strong></span> <span class='ocrx_word' id='word_1_227' title='bbox 493 2463 624 2496; x_wconf 86' lang='lat' dir='ltr'><strong>Aenius</strong></span> <span class='ocrx_word' id='word_1_228' title='bbox 666 2473 721 2507; x_wconf 84' lang='lat'><strong>32.</strong></span> 
     </span>
    </p>

    <p class='ocr_par' dir='ltr' id='par_1_45' title="bbox 272 2507 863 2552">
     <span class='ocr_line' id='line_1_63' title="bbox 272 2507 863 2552; baseline 0 -12"><span class='ocrx_word' id='word_1_229' title='bbox 272 2507 512 2552; x_wconf 82' lang='lat' dir='ltr'><strong>Hermogenes</strong></span> <span class='ocrx_word' id='word_1_230' title='bbox 530 2520 629 2542; x_wconf 87' lang='lat' dir='ltr'><strong>emen</strong></span> <span class='ocrx_word' id='word_1_231' title='bbox 659 2534 666 2541; x_wconf 98' lang='lat'><strong>.</strong></span> <span class='ocrx_word' id='word_1_232' title='bbox 685 2519 764 2552; x_wconf 89' lang='lat'><strong>310.</strong></span> <span class='ocrx_word' id='word_1_233' title='bbox 784 2519 863 2552; x_wconf 89' lang='grc'>311.</span> 
     </span>
    </p>

    <p class='ocr_par' dir='ltr' id='par_1_46' title="bbox 272 2553 992 2645">
     <span class='ocr_line' id='line_1_64' title="bbox 272 2553 992 2598; baseline 0.001 -12"><span class='ocrx_word' id='word_1_234' title='bbox 272 2553 504 2598; x_wconf 89' lang='lat' dir='ltr'><strong>Hermogenis</strong></span> <span class='ocrx_word' id='word_1_235' title='bbox 523 2554 690 2598; x_wconf 88' lang='lat' dir='ltr'><strong>scriptum</strong></span> <span class='ocrx_word' id='word_1_236' title='bbox 708 2553 848 2598; x_wconf 88' lang='lat' dir='ltr'><strong>aliquod</strong></span> <span class='ocrx_word' id='word_1_237' title='bbox 865 2554 901 2587; x_wconf 91' lang='lat' dir='ltr'><strong>in</strong></span> <span class='ocrx_word' id='word_1_238' title='bbox 918 2565 992 2588; x_wconf 89' lang='lat' dir='ltr'><strong>ora-</strong></span> 
     </span>
     <span class='ocr_line' id='line_1_65' title="bbox 315 2599 992 2645; baseline 0.001 -13"><span class='ocrx_word' id='word_1_239' title='bbox 315 2599 446 2633; x_wconf 90' lang='lat' dir='ltr'><strong>tionem</strong></span> <span class='ocrx_word' id='word_1_240' title='bbox 464 2599 664 2643; x_wconf 84' lang='lat' dir='ltr'><strong>Leptineam</strong></span> <span class='ocrx_word' id='word_1_241' title='bbox 683 2599 900 2643; x_wconf 85' lang='lat' dir='ltr'><strong>deperditum</strong></span> <span class='ocrx_word' id='word_1_242' title='bbox 913 2609 992 2645; x_wconf 90' lang='lat'><strong>599.</strong></span> 
     </span>
    </p>

    <p class='ocr_par' dir='ltr' id='par_1_47' title="bbox 270 2643 814 2689">
     <span class='ocr_line' id='line_1_66' title="bbox 270 2643 814 2689; baseline 0.004 -13"><span class='ocrx_word' id='word_1_243' title='bbox 270 2643 415 2683; x_wconf 87' lang='lat' dir='ltr'><strong>Idrieus,</strong></span> <span class='ocrx_word' id='word_1_244' title='bbox 435 2644 553 2678; x_wconf 89' lang='lat' dir='ltr'><strong>Cariae</strong></span> <span class='ocrx_word' id='word_1_245' title='bbox 570 2651 716 2689; x_wconf 88' lang='lat' dir='ltr'><strong>satrapa,</strong></span> <span class='ocrx_word' id='word_1_246' title='bbox 739 2654 814 2689; x_wconf 88' lang='lat'><strong>125.</strong></span> 
     </span>
    </p>

    <p class='ocr_par' dir='ltr' id='par_1_48' title="bbox 270 2690 822 2735">
     <span class='ocr_line' id='line_1_67' title="bbox 270 2690 822 2735; baseline 0.004 -13"><span class='ocrx_word' id='word_1_247' title='bbox 270 2690 472 2723; x_wconf 88' lang='lat' dir='ltr'><strong>immunitas</strong></span> <span class='ocrx_word' id='word_1_248' title='bbox 490 2691 573 2723; x_wconf 90' lang='lat' dir='ltr'><strong>varii</strong></span> <span class='ocrx_word' id='word_1_249' title='bbox 590 2691 724 2735; x_wconf 87' lang='lat' dir='ltr'><strong>generis</strong></span> <span class='ocrx_word' id='word_1_250' title='bbox 743 2691 822 2735; x_wconf 91' lang='lat'><strong>607.</strong></span> 
     </span>
    </p>

    <p class='ocr_par' dir='ltr' id='par_1_49' title="bbox 269 2735 992 2868">
     <span class='ocr_line' id='line_1_68' title="bbox 269 2735 992 2780; baseline 0.004 -13"><span class='ocrx_word' id='word_1_251' title='bbox 269 2735 504 2778; x_wconf 90' lang='lat' dir='ltr'><strong>impensarum</strong></span> <span class='ocrx_word' id='word_1_252' title='bbox 536 2736 570 2769; x_wconf 92' lang='lat' dir='ltr'><strong>in</strong></span> <span class='ocrx_word' id='word_1_253' title='bbox 605 2737 855 2780; x_wconf 87' lang='lat' dir='ltr'><strong>rempublicam</strong></span> <span class='ocrx_word' id='word_1_254' title='bbox 886 2736 992 2770; x_wconf 90' lang='lat' dir='ltr'><strong>Athe-</strong></span> 
     </span>
     <span class='ocr_line' id='line_1_69' title="bbox 315 2781 992 2827; baseline 0.004 -14"><span class='ocrx_word' id='word_1_255' title='bbox 315 2781 488 2814; x_wconf 88' lang='lat' dir='ltr'><strong>niensium</strong></span> <span class='ocrx_word' id='word_1_256' title='bbox 511 2793 529 2814; x_wconf 92' lang='lat' dir='ltr'><strong>a</strong></span> <span class='ocrx_word' id='word_1_257' title='bbox 553 2782 624 2815; x_wconf 90' lang='lat' dir='ltr'><strong>cive</strong></span> <span class='ocrx_word' id='word_1_258' title='bbox 642 2782 877 2816; x_wconf 88' lang='lat' dir='ltr'><strong>faciendarum</strong></span> <span class='ocrx_word' id='word_1_259' title='bbox 895 2794 992 2827; x_wconf 89' lang='lat' dir='ltr'><strong>mag-</strong></span> 
     </span>
     <span class='ocr_line' id='line_1_70' title="bbox 315 2825 535 2868; baseline 0.005 -10"><span class='ocrx_word' id='word_1_260' title='bbox 315 2825 438 2859; x_wconf 89' lang='lat' dir='ltr'><strong>nitudo</strong></span> <span class='ocrx_word' id='word_1_261' title='bbox 456 2826 535 2868; x_wconf 87' lang='lat'><strong>625.</strong></span> 
     </span>
    </p>

    <p class='ocr_par' dir='ltr' id='par_1_50' title="bbox 269 2871 991 2917">
     <span class='ocr_line' id='line_1_71' title="bbox 269 2871 991 2917; baseline 0.006 -14"><span class='ocrx_word' id='word_1_262' title='bbox 269 2871 457 2904; x_wconf 85' lang='lat' dir='ltr'><strong>infinitivus</strong></span> <span class='ocrx_word' id='word_1_263' title='bbox 484 2873 555 2905; x_wconf 80' lang='lat' dir='ltr'><strong>siue</strong></span> <span class='ocrx_word' id='word_1_264' title='bbox 585 2874 728 2906; x_wconf 85' lang='lat' dir='ltr'><strong>articulo</strong></span> <span class='ocrx_word' id='word_1_265' title='bbox 760 2879 837 2916; x_wconf 86' lang='lat' dir='ltr'><strong>post</strong></span> <span class='ocrx_word' id='word_1_266' title='bbox 866 2886 991 2917; x_wconf 88' lang='lat' dir='ltr'><strong>prono-</strong></span> 
     </span>
    </p>
   </div>
   <div class='ocr_carea' id='block_1_11' title="bbox 1046 736 1776 2908">
    <p class='ocr_par' dir='ltr' id='par_1_51' title="bbox 1099 736 1405 780">
     <span class='ocr_line' id='line_1_72' title="bbox 1099 736 1405 780; baseline 0 -10"><span class='ocrx_word' id='word_1_267' title='bbox 1099 743 1131 770; x_wconf 91' lang='lat' dir='ltr'><strong>et</strong></span> <span class='ocrx_word' id='word_1_268' title='bbox 1150 736 1309 770; x_wconf 88' lang='lat' dir='ltr'><strong>Cererem</strong></span> <span class='ocrx_word' id='word_1_269' title='bbox 1327 738 1405 780; x_wconf 85' lang='lat'><strong>834.</strong></span> 
     </span>
    </p>

    <p class='ocr_par' dir='ltr' id='par_1_52' title="bbox 1054 781 1617 824">
     <span class='ocr_line' id='line_1_73' title="bbox 1054 781 1617 824; baseline 0.002 -9"><span class='ocrx_word' id='word_1_270' title='bbox 1054 781 1406 816; x_wconf 89' lang='lat' dir='ltr'><strong>Lacedaemoniorum</strong></span> <span class='ocrx_word' id='word_1_271' title='bbox 1423 794 1521 816; x_wconf 86' lang='lat' dir='ltr'><strong>mora</strong></span> <span class='ocrx_word' id='word_1_272' title='bbox 1542 794 1617 824; x_wconf 90' lang='lat'><strong>104.</strong></span> 
     </span>
    </p>

    <p class='ocr_par' dir='ltr' id='par_1_53' title="bbox 1054 827 1729 872">
     <span class='ocr_line' id='line_1_74' title="bbox 1054 827 1729 872; baseline 0 -11"><span class='ocrx_word' id='word_1_273' title='bbox 1054 827 1404 861; x_wconf 90' lang='lat' dir='ltr'><strong>Lacedaemoniorum</strong></span> <span class='ocrx_word' id='word_1_274' title='bbox 1418 829 1632 872; x_wconf 90' lang='lat' dir='ltr'><strong>principatus</strong></span> <span class='ocrx_word' id='word_1_275' title='bbox 1654 829 1729 870; x_wconf 87' lang='lat'><strong>184.</strong></span> 
     </span>
    </p>

    <p class='ocr_par' dir='ltr' id='par_1_54' title="bbox 1054 873 1344 917">
     <span class='ocr_line' id='line_1_75' title="bbox 1054 873 1344 917; baseline 0 -11"><span class='ocrx_word' id='word_1_276' title='bbox 1054 873 1245 906; x_wconf 88' lang='lat' dir='ltr'><strong>Lasthenes</strong></span> <span class='ocrx_word' id='word_1_277' title='bbox 1264 882 1344 917; x_wconf 88' lang='grc'>335.</span> 
     </span>
    </p>

    <p class='ocr_par' dir='ltr' id='par_1_55' title="bbox 1052 918 1776 1008">
     <span class='ocr_line' id='line_1_76' title="bbox 1052 918 1776 963; baseline 0.003 -12"><span class='ocrx_word' id='word_1_278' title='bbox 1052 919 1136 963; x_wconf 89' lang='lat' dir='ltr'><strong>legis</strong></span> <span class='ocrx_word' id='word_1_279' title='bbox 1162 920 1249 952; x_wconf 88' lang='lat' dir='ltr'><strong>lator</strong></span> <span class='ocrx_word' id='word_1_280' title='bbox 1274 918 1441 963; x_wconf 87' lang='lat' dir='ltr'><strong>quamdiu</strong></span> <span class='ocrx_word' id='word_1_281' title='bbox 1466 919 1568 952; x_wconf 82' lang='lat' dir='ltr'><strong>fuerit</strong></span> <span class='ocrx_word' id='word_1_282' title='bbox 1598 918 1776 954; x_wconf 74' lang='grc' dir='ltr'>ὑπεύθυνος</span> 
     </span>
     <span class='ocr_line' id='line_1_77' title="bbox 1099 963 1305 1008; baseline 0 -11"><span class='ocrx_word' id='word_1_283' title='bbox 1099 965 1207 1008; x_wconf 84' lang='grc' dir='ltr'>κρίσει</span> <span class='ocrx_word' id='word_1_284' title='bbox 1226 963 1305 1008; x_wconf 84' lang='lat'><strong>634.</strong></span> 
     </span>
    </p>

    <p class='ocr_par' dir='ltr' id='par_1_56' title="bbox 1051 1010 1559 1054">
     <span class='ocr_line' id='line_1_78' title="bbox 1051 1010 1559 1054; baseline -0.002 -11"><span class='ocrx_word' id='word_1_285' title='bbox 1051 1011 1168 1053; x_wconf 87' lang='lat' dir='ltr'><strong>legum</strong></span> <span class='ocrx_word' id='word_1_286' title='bbox 1187 1021 1332 1043; x_wconf 87' lang='lat' dir='ltr'><strong>censura</strong></span> <span class='ocrx_word' id='word_1_287' title='bbox 1349 1021 1464 1043; x_wconf 85' lang='lat' dir='ltr'><strong>annua</strong></span> <span class='ocrx_word' id='word_1_288' title='bbox 1481 1010 1559 1054; x_wconf 85' lang='lat'><strong>635.</strong></span> 
     </span>
    </p>

    <p class='ocr_par' dir='ltr' id='par_1_57' title="bbox 1051 1055 1775 1134">
     <span class='ocr_line' id='line_1_79' title="bbox 1051 1055 1775 1099; baseline 0 -11"><span class='ocrx_word' id='word_1_289' title='bbox 1051 1056 1168 1099; x_wconf 89' lang='lat' dir='ltr'><strong>legum</strong></span> <span class='ocrx_word' id='word_1_290' title='bbox 1193 1055 1413 1089; x_wconf 88' lang='lat' dir='ltr'><strong>ferendarum</strong></span> <span class='ocrx_word' id='word_1_291' title='bbox 1437 1055 1528 1099; x_wconf 90' lang='lat' dir='ltr'><strong>apud</strong></span> <span class='ocrx_word' id='word_1_292' title='bbox 1547 1056 1775 1088; x_wconf 84' lang='lat' dir='ltr'><strong>Athenienses</strong></span> 
     </span>
     <span class='ocr_line' id='line_1_80' title="bbox 1098 1101 1280 1134; baseline 0 -1"><span class='ocrx_word' id='word_1_293' title='bbox 1098 1101 1184 1134; x_wconf 87' lang='lat' dir='ltr'><strong>ratio</strong></span> <span class='ocrx_word' id='word_1_294' title='bbox 1202 1101 1280 1134; x_wconf 87' lang='lat'><strong>628.</strong></span> 
     </span>
    </p>

    <p class='ocr_par' dir='ltr' id='par_1_58' title="bbox 1054 1146 1341 1190">
     <span class='ocr_line' id='line_1_81' title="bbox 1054 1146 1341 1190; baseline 0.003 -12"><span class='ocrx_word' id='word_1_295' title='bbox 1054 1146 1244 1179; x_wconf 87' lang='lat' dir='ltr'><strong>Leodamas</strong></span> <span class='ocrx_word' id='word_1_296' title='bbox 1261 1146 1341 1190; x_wconf 83' lang='lat'><strong>356.</strong></span> 
     </span>
    </p>

    <p class='ocr_par' dir='ltr' id='par_1_59' title="bbox 1055 1191 1758 1236">
     <span class='ocr_line' id='line_1_82' title="bbox 1055 1191 1758 1236; baseline 0 -12"><span class='ocrx_word' id='word_1_297' title='bbox 1055 1192 1214 1235; x_wconf 87' lang='lat' dir='ltr'><strong>Leptines</strong></span> <span class='ocrx_word' id='word_1_298' title='bbox 1232 1192 1315 1224; x_wconf 90' lang='lat' dir='ltr'><strong>varii</strong></span> <span class='ocrx_word' id='word_1_299' title='bbox 1333 1192 1411 1236; x_wconf 89' lang='lat'><strong>598.</strong></span> <span class='ocrx_word' id='word_1_300' title='bbox 1449 1193 1466 1224; x_wconf 86' lang='grc' dir='ltr'>ὁ</span> <span class='ocrx_word' id='word_1_301' title='bbox 1484 1191 1518 1224; x_wconf 87' lang='grc' dir='ltr'><strong>ἐκ</strong></span> <span class='ocrx_word' id='word_1_302' title='bbox 1538 1191 1663 1234; x_wconf 81' lang='grc' dir='ltr'>Κοίλης</span> <span class='ocrx_word' id='word_1_303' title='bbox 1680 1193 1758 1236; x_wconf 88' lang='lat'><strong>871.</strong></span> 
     </span>
    </p>

    <p class='ocr_par' dir='ltr' id='par_1_60' title="bbox 1055 1237 1771 1316">
     <span class='ocr_line' id='line_1_83' title="bbox 1055 1237 1771 1281; baseline 0 -11"><span class='ocrx_word' id='word_1_304' title='bbox 1055 1237 1180 1276; x_wconf 85' lang='lat' dir='ltr'><strong>Leuco,</strong></span> <span class='ocrx_word' id='word_1_305' title='bbox 1222 1243 1391 1281; x_wconf 88' lang='lat' dir='ltr'><strong>tyrannus</strong></span> <span class='ocrx_word' id='word_1_306' title='bbox 1428 1237 1652 1281; x_wconf 87' lang='lat' dir='ltr'><strong>Bosporanus</strong></span> <span class='ocrx_word' id='word_1_307' title='bbox 1694 1238 1771 1279; x_wconf 78' lang='lat'><strong>604.</strong></span> 
     </span>
     <span class='ocr_line' id='line_1_84' title="bbox 1098 1282 1179 1316; baseline 0 -1"><span class='ocrx_word' id='word_1_308' title='bbox 1098 1282 1179 1316; x_wconf 83' lang='lat'><strong>660.</strong></span> 
     </span>
    </p>

    <p class='ocr_par' dir='ltr' id='par_1_61' title="bbox 1050 1328 1773 1418">
     <span class='ocr_line' id='line_1_85' title="bbox 1050 1328 1773 1372; baseline 0 -11"><span class='ocrx_word' id='word_1_309' title='bbox 1050 1329 1167 1361; x_wconf 88' lang='lat' dir='ltr'><strong>literae</strong></span> <span class='ocrx_word' id='word_1_310' title='bbox 1191 1328 1349 1372; x_wconf 86' lang='lat' dir='ltr'><strong>publicae</strong></span> <span class='ocrx_word' id='word_1_311' title='bbox 1373 1328 1467 1372; x_wconf 91' lang='lat' dir='ltr'><strong>apud</strong></span> <span class='ocrx_word' id='word_1_312' title='bbox 1495 1335 1646 1362; x_wconf 85' lang='lat' dir='ltr'><strong>oratores</strong></span> <span class='ocrx_word' id='word_1_313' title='bbox 1670 1329 1773 1361; x_wconf 89' lang='lat' dir='ltr'><strong>inter-</strong></span> 
     </span>
     <span class='ocr_line' id='line_1_86' title="bbox 1099 1374 1508 1418; baseline 0 -11"><span class='ocrx_word' id='word_1_314' title='bbox 1099 1375 1230 1417; x_wconf 87' lang='lat' dir='ltr'><strong>polatae</strong></span> <span class='ocrx_word' id='word_1_315' title='bbox 1248 1386 1319 1407; x_wconf 91' lang='lat' dir='ltr'><strong>non</strong></span> <span class='ocrx_word' id='word_1_316' title='bbox 1336 1385 1413 1407; x_wconf 90' lang='lat' dir='ltr'><strong>raro</strong></span> <span class='ocrx_word' id='word_1_317' title='bbox 1430 1374 1508 1418; x_wconf 84' lang='lat'><strong>636.</strong></span> 
     </span>
    </p>

    <p class='ocr_par' dir='ltr' id='par_1_62' title="bbox 1054 1419 1773 1510">
     <span class='ocr_line' id='line_1_87' title="bbox 1054 1419 1773 1464; baseline 0.001 -12"><span class='ocrx_word' id='word_1_318' title='bbox 1054 1419 1198 1452; x_wconf 90' lang='lat' dir='ltr'><strong>Lolliani</strong></span> <span class='ocrx_word' id='word_1_319' title='bbox 1228 1419 1430 1453; x_wconf 85' lang='lat' dir='ltr'><strong>declamatio</strong></span> <span class='ocrx_word' id='word_1_320' title='bbox 1463 1419 1628 1453; x_wconf 86' lang='lat' dir='ltr'><strong>adversus</strong></span> <span class='ocrx_word' id='word_1_321' title='bbox 1660 1420 1773 1464; x_wconf 90' lang='lat' dir='ltr'><strong>Lepti-</strong></span> 
     </span>
     <span class='ocr_line' id='line_1_88' title="bbox 1099 1465 1468 1510; baseline 0 -12"><span class='ocrx_word' id='word_1_322' title='bbox 1099 1476 1179 1498; x_wconf 90' lang='lat' dir='ltr'><strong>nem</strong></span> <span class='ocrx_word' id='word_1_323' title='bbox 1197 1465 1373 1509; x_wconf 89' lang='lat' dir='ltr'><strong>deperdita</strong></span> <span class='ocrx_word' id='word_1_324' title='bbox 1390 1475 1468 1510; x_wconf 87' lang='lat'><strong>595.</strong></span> 
     </span>
    </p>

    <p class='ocr_par' dir='ltr' id='par_1_63' title="bbox 1053 1510 1664 1555">
     <span class='ocr_line' id='line_1_89' title="bbox 1053 1510 1664 1555; baseline 0.002 -12"><span class='ocrx_word' id='word_1_325' title='bbox 1053 1510 1280 1555; x_wconf 89' lang='lat' dir='ltr'><strong>Lysimachus</strong></span> <span class='ocrx_word' id='word_1_326' title='bbox 1299 1511 1459 1544; x_wconf 88' lang='lat' dir='ltr'><strong>Aristidis</strong></span> <span class='ocrx_word' id='word_1_327' title='bbox 1477 1511 1567 1544; x_wconf 86' lang='lat' dir='ltr'><strong>filius</strong></span> <span class='ocrx_word' id='word_1_328' title='bbox 1588 1519 1664 1555; x_wconf 92' lang='lat'><strong>700.</strong></span> 
     </span>
    </p>

    <p class='ocr_par' dir='ltr' id='par_1_64' title="bbox 1053 1556 1475 1600">
     <span class='ocr_line' id='line_1_90' title="bbox 1053 1556 1475 1600; baseline 0.005 -12"><span class='ocrx_word' id='word_1_329' title='bbox 1053 1556 1247 1600; x_wconf 87' lang='lat' dir='ltr'><strong>Lysithides</strong></span> <span class='ocrx_word' id='word_1_330' title='bbox 1265 1563 1379 1590; x_wconf 90' lang='lat' dir='ltr'><strong>orator</strong></span> <span class='ocrx_word' id='word_1_331' title='bbox 1396 1558 1475 1590; x_wconf 89' lang='lat'><strong>821.</strong></span> 
     </span>
    </p>

    <p class='ocr_par' dir='ltr' id='par_1_65' title="bbox 1052 1602 1564 1646">
     <span class='ocr_line' id='line_1_91' title="bbox 1052 1602 1564 1646; baseline 0.002 -12"><span class='ocrx_word' id='word_1_332' title='bbox 1052 1602 1319 1646; x_wconf 86' lang='lat' dir='ltr'><strong>magistratuum</strong></span> <span class='ocrx_word' id='word_1_333' title='bbox 1337 1602 1467 1636; x_wconf 77' lang='grc' dir='ltr'>εὕθυναι</span> <span class='ocrx_word' id='word_1_334' title='bbox 1486 1603 1564 1646; x_wconf 89' lang='lat'><strong>852.</strong></span> 
     </span>
    </p>

    <p class='ocr_par' dir='ltr' id='par_1_66' title="bbox 1054 1647 1774 1772">
     <span class='ocr_line' id='line_1_92' title="bbox 1054 1647 1774 1691; baseline 0.001 -11"><span class='ocrx_word' id='word_1_335' title='bbox 1054 1647 1313 1691; x_wconf 86' lang='lat' dir='ltr'><strong>Megarensium</strong></span> <span class='ocrx_word' id='word_1_336' title='bbox 1345 1655 1378 1681; x_wconf 89' lang='lat' dir='ltr'><strong>et</strong></span> <span class='ocrx_word' id='word_1_337' title='bbox 1407 1648 1673 1682; x_wconf 89' lang='lat' dir='ltr'><strong>Atheniensium</strong></span> <span class='ocrx_word' id='word_1_338' title='bbox 1703 1649 1774 1681; x_wconf 86' lang='lat' dir='ltr'><strong>rixa</strong></span> 
     </span>
     <span class='ocr_line' id='line_1_93' title="bbox 1098 1693 1773 1737; baseline 0.003 -12"><span class='ocrx_word' id='word_1_339' title='bbox 1098 1693 1139 1726; x_wconf 93' lang='lat' dir='ltr'><strong>de</strong></span> <span class='ocrx_word' id='word_1_340' title='bbox 1166 1694 1255 1737; x_wconf 87' lang='lat' dir='ltr'><strong>agris</strong></span> <span class='ocrx_word' id='word_1_341' title='bbox 1282 1694 1386 1727; x_wconf 87' lang='lat' dir='ltr'><strong>sacris</strong></span> <span class='ocrx_word' id='word_1_342' title='bbox 1414 1693 1556 1727; x_wconf 86' lang='lat' dir='ltr'><strong>dearum</strong></span> <span class='ocrx_word' id='word_1_343' title='bbox 1584 1694 1773 1727; x_wconf 86' lang='lat' dir='ltr'><strong>Eleusinia-</strong></span> 
     </span>
     <span class='ocr_line' id='line_1_94' title="bbox 1098 1740 1249 1772; baseline 0.007 -1"><span class='ocrx_word' id='word_1_344' title='bbox 1098 1750 1176 1771; x_wconf 90' lang='lat' dir='ltr'><strong>rum</strong></span> <span class='ocrx_word' id='word_1_345' title='bbox 1194 1740 1249 1772; x_wconf 92' lang='grc'><strong>80.</strong></span> 
     </span>
    </p>

    <p class='ocr_par' dir='ltr' id='par_1_67' title="bbox 1051 1784 1625 1828">
     <span class='ocr_line' id='line_1_95' title="bbox 1051 1784 1625 1828; baseline 0.002 -12"><span class='ocrx_word' id='word_1_346' title='bbox 1051 1784 1232 1818; x_wconf 88' lang='lat' dir='ltr'><strong>Menelaus</strong></span> <span class='ocrx_word' id='word_1_347' title='bbox 1250 1785 1421 1828; x_wconf 89' lang='lat' dir='ltr'><strong>Amyntae</strong></span> <span class='ocrx_word' id='word_1_348' title='bbox 1439 1785 1529 1817; x_wconf 89' lang='lat' dir='ltr'><strong>filius</strong></span> <span class='ocrx_word' id='word_1_349' title='bbox 1551 1793 1625 1828; x_wconf 91' lang='lat'><strong>107.</strong></span> 
     </span>
    </p>

    <p class='ocr_par' dir='ltr' id='par_1_68' title="bbox 1054 1830 1704 1873">
     <span class='ocr_line' id='line_1_96' title="bbox 1054 1830 1704 1873; baseline 0 -10"><span class='ocrx_word' id='word_1_350' title='bbox 1054 1830 1290 1869; x_wconf 88' lang='lat' dir='ltr'><strong>Menestheus,</strong></span> <span class='ocrx_word' id='word_1_351' title='bbox 1312 1830 1492 1873; x_wconf 91' lang='lat' dir='ltr'><strong>Iphicratis</strong></span> <span class='ocrx_word' id='word_1_352' title='bbox 1506 1830 1606 1869; x_wconf 86' lang='lat' dir='ltr'><strong>filius,</strong></span> <span class='ocrx_word' id='word_1_353' title='bbox 1628 1831 1704 1871; x_wconf 79' lang='lat'><strong>284.</strong></span> 
     </span>
    </p>

    <p class='ocr_par' dir='ltr' id='par_1_69' title="bbox 1054 1875 1773 2000">
     <span class='ocr_line' id='line_1_97' title="bbox 1054 1875 1772 1919; baseline 0.001 -11"><span class='ocrx_word' id='word_1_354' title='bbox 1054 1875 1161 1908; x_wconf 88' lang='lat' dir='ltr'><strong>Meno</strong></span> <span class='ocrx_word' id='word_1_355' title='bbox 1191 1882 1223 1909; x_wconf 88' lang='lat' dir='ltr'><strong>et</strong></span> <span class='ocrx_word' id='word_1_356' title='bbox 1252 1875 1431 1909; x_wconf 85' lang='lat' dir='ltr'><strong>Perdiccas</strong></span> <span class='ocrx_word' id='word_1_357' title='bbox 1461 1887 1479 1908; x_wconf 93' lang='lat' dir='ltr'><strong>a</strong></span> <span class='ocrx_word' id='word_1_358' title='bbox 1509 1876 1637 1919; x_wconf 89' lang='lat' dir='ltr'><strong>populo</strong></span> <span class='ocrx_word' id='word_1_359' title='bbox 1664 1875 1772 1909; x_wconf 87' lang='lat' dir='ltr'><strong>Athe-</strong></span> 
     </span>
     <span class='ocr_line' id='line_1_98' title="bbox 1097 1921 1773 1960; baseline 0.001 -7"><span class='ocrx_word' id='word_1_360' title='bbox 1097 1921 1207 1954; x_wconf 90' lang='lat' dir='ltr'><strong>niensi</strong></span> <span class='ocrx_word' id='word_1_361' title='bbox 1225 1921 1343 1954; x_wconf 88' lang='lat' dir='ltr'><strong>donati</strong></span> <span class='ocrx_word' id='word_1_362' title='bbox 1368 1933 1439 1955; x_wconf 88' lang='lat' dir='ltr'><strong>non</strong></span> <span class='ocrx_word' id='word_1_363' title='bbox 1464 1922 1693 1960; x_wconf 82' lang='lat' dir='ltr'><strong>immunitate,</strong></span> <span class='ocrx_word' id='word_1_364' title='bbox 1713 1921 1773 1954; x_wconf 89' lang='lat' dir='ltr'><strong>sed</strong></span> 
     </span>
     <span class='ocr_line' id='line_1_99' title="bbox 1097 1966 1328 2000; baseline 0.004 -1"><span class='ocrx_word' id='word_1_365' title='bbox 1097 1967 1232 2000; x_wconf 79' lang='lat' dir='ltr'><strong>civitate</strong></span> <span class='ocrx_word' id='word_1_366' title='bbox 1249 1966 1328 2000; x_wconf 91' lang='lat'><strong>608.</strong></span> 
     </span>
    </p>

    <p class='ocr_par' dir='ltr' id='par_1_70' title="bbox 1052 2012 1771 2102">
     <span class='ocr_line' id='line_1_100' title="bbox 1052 2012 1771 2045; baseline 0 0"><span class='ocrx_word' id='word_1_367' title='bbox 1052 2012 1143 2045; x_wconf 80' lang='lat' dir='ltr'><strong>mille</strong></span> <span class='ocrx_word' id='word_1_368' title='bbox 1162 2012 1301 2045; x_wconf 89' lang='lat' dir='ltr'><strong>ducenti</strong></span> <span class='ocrx_word' id='word_1_369' title='bbox 1327 2024 1397 2045; x_wconf 93' lang='lat' dir='ltr'><strong>non</strong></span> <span class='ocrx_word' id='word_1_370' title='bbox 1422 2013 1458 2045; x_wconf 88' lang='lat' dir='ltr'><strong>in</strong></span> <span class='ocrx_word' id='word_1_371' title='bbox 1483 2012 1681 2045; x_wconf 84' lang='lat' dir='ltr'><strong>trierarchia</strong></span> <span class='ocrx_word' id='word_1_372' title='bbox 1697 2018 1771 2045; x_wconf 88' lang='lat' dir='ltr'><strong>tan-</strong></span> 
     </span>
     <span class='ocr_line' id='line_1_101' title="bbox 1095 2057 1724 2102; baseline 0 -12"><span class='ocrx_word' id='word_1_373' title='bbox 1095 2063 1183 2096; x_wconf 91' lang='lat' dir='ltr'><strong>tum,</strong></span> <span class='ocrx_word' id='word_1_374' title='bbox 1203 2057 1262 2091; x_wconf 89' lang='lat' dir='ltr'><strong>sed</strong></span> <span class='ocrx_word' id='word_1_375' title='bbox 1280 2058 1381 2091; x_wconf 90' lang='lat' dir='ltr'><strong>etiam</strong></span> <span class='ocrx_word' id='word_1_376' title='bbox 1398 2059 1433 2091; x_wconf 92' lang='lat' dir='ltr'><strong>in</strong></span> <span class='ocrx_word' id='word_1_377' title='bbox 1451 2058 1629 2102; x_wconf 84' lang='grc' dir='ltr'>εἷσφοραῖς</span> <span class='ocrx_word' id='word_1_378' title='bbox 1646 2057 1724 2102; x_wconf 87' lang='grc'>617.</span> 
     </span>
    </p>

    <p class='ocr_par' dir='ltr' id='par_1_71' title="bbox 1051 2102 1691 2147">
     <span class='ocr_line' id='line_1_102' title="bbox 1051 2102 1691 2147; baseline 0.002 -12"><span class='ocrx_word' id='word_1_379' title='bbox 1051 2102 1209 2136; x_wconf 85' lang='lat' dir='ltr'><strong>Minerva</strong></span> <span class='ocrx_word' id='word_1_380' title='bbox 1225 2104 1365 2147; x_wconf 77' lang='grc' dir='ltr'>προναία</span> <span class='ocrx_word' id='word_1_381' title='bbox 1383 2109 1414 2136; x_wconf 85' lang='lat' dir='ltr'><strong>et</strong></span> <span class='ocrx_word' id='word_1_382' title='bbox 1431 2105 1572 2147; x_wconf 87' lang='grc' dir='ltr'>πρόνοια</span> <span class='ocrx_word' id='word_1_383' title='bbox 1594 2114 1691 2147; x_wconf 90' lang='lat'><strong>1029.</strong></span> 
     </span>
    </p>

    <p class='ocr_par' dir='ltr' id='par_1_72' title="bbox 1050 2148 1469 2182">
     <span class='ocr_line' id='line_1_103' title="bbox 1050 2148 1469 2182; baseline 0.005 -2"><span class='ocrx_word' id='word_1_384' title='bbox 1050 2148 1208 2181; x_wconf 90' lang='lat' dir='ltr'><strong>Montius</strong></span> <span class='ocrx_word' id='word_1_385' title='bbox 1228 2149 1420 2182; x_wconf 88' lang='lat' dir='ltr'><strong>Proconsul</strong></span> <span class='ocrx_word' id='word_1_386' title='bbox 1441 2161 1469 2182; x_wconf 96' lang='lat'><strong>1.</strong></span> 
     </span>
    </p>

    <p class='ocr_par' dir='ltr' id='par_1_73' title="bbox 1050 2193 1346 2237">
     <span class='ocr_line' id='line_1_104' title="bbox 1050 2193 1346 2237; baseline 0.007 -12"><span class='ocrx_word' id='word_1_387' title='bbox 1050 2193 1253 2237; x_wconf 86' lang='lat' dir='ltr'><strong>Naupactus</strong></span> <span class='ocrx_word' id='word_1_388' title='bbox 1272 2195 1346 2227; x_wconf 90' lang='lat'><strong>188.</strong></span> 
     </span>
    </p>

    <p class='ocr_par' dir='ltr' id='par_1_74' title="bbox 1049 2239 1480 2283">
     <span class='ocr_line' id='line_1_105' title="bbox 1049 2239 1480 2283; baseline 0.002 -12"><span class='ocrx_word' id='word_1_389' title='bbox 1049 2239 1083 2271; x_wconf 98' lang='lat' dir='ltr'><strong>N</strong></span> <span class='ocrx_word' id='word_1_390' title='bbox 1086 2239 1231 2272; x_wconf 87' lang='lat' dir='ltr'><strong>ausicles</strong></span> <span class='ocrx_word' id='word_1_391' title='bbox 1249 2245 1384 2282; x_wconf 89' lang='lat' dir='ltr'><strong>praetor</strong></span> <span class='ocrx_word' id='word_1_392' title='bbox 1401 2248 1480 2283; x_wconf 86' lang='lat'><strong>379.</strong></span> 
     </span>
    </p>

    <p class='ocr_par' dir='ltr' id='par_1_75' title="bbox 1048 2284 1671 2328">
     <span class='ocr_line' id='line_1_106' title="bbox 1048 2284 1671 2328; baseline 0.002 -12"><span class='ocrx_word' id='word_1_393' title='bbox 1048 2284 1300 2327; x_wconf 90' lang='lat' dir='ltr'><strong>Neoptolemus</strong></span> <span class='ocrx_word' id='word_1_394' title='bbox 1318 2285 1465 2317; x_wconf 87' lang='lat' dir='ltr'><strong>Anticlis</strong></span> <span class='ocrx_word' id='word_1_395' title='bbox 1485 2284 1574 2318; x_wconf 83' lang='lat' dir='ltr'><strong>filius</strong></span> <span class='ocrx_word' id='word_1_396' title='bbox 1592 2285 1671 2328; x_wconf 88' lang='grc'>838.</span> 
     </span>
    </p>

    <p class='ocr_par' dir='ltr' id='par_1_76' title="bbox 1050 2328 1535 2372">
     <span class='ocr_line' id='line_1_107' title="bbox 1050 2328 1535 2372; baseline 0.002 -10"><span class='ocrx_word' id='word_1_397' title='bbox 1050 2328 1301 2372; x_wconf 87' lang='lat' dir='ltr'><strong>Neoptolemus</strong></span> <span class='ocrx_word' id='word_1_398' title='bbox 1319 2329 1439 2363; x_wconf 87' lang='lat' dir='ltr'><strong>histrio</strong></span> <span class='ocrx_word' id='word_1_399' title='bbox 1457 2331 1535 2371; x_wconf 85' lang='lat'><strong>488.</strong></span> 
     </span>
    </p>

    <p class='ocr_par' dir='ltr' id='par_1_77' title="bbox 1049 2373 1770 2465">
     <span class='ocr_line' id='line_1_108' title="bbox 1049 2373 1770 2419; baseline 0.003 -12"><span class='ocrx_word' id='word_1_400' title='bbox 1049 2373 1207 2417; x_wconf 88' lang='lat' dir='ltr'><strong>Nepotis,</strong></span> <span class='ocrx_word' id='word_1_401' title='bbox 1228 2374 1346 2414; x_wconf 66' lang='lat' dir='ltr'><strong>Corn„</strong></span> <span class='ocrx_word' id='word_1_402' title='bbox 1370 2375 1538 2409; x_wconf 89' lang='lat' dir='ltr'><strong>Chabrias</strong></span> <span class='ocrx_word' id='word_1_403' title='bbox 1564 2376 1770 2419; x_wconf 86' lang='lat' dir='ltr'><strong>compilatus</strong></span> 
     </span>
     <span class='ocr_line' id='line_1_109' title="bbox 1094 2420 1639 2465; baseline 0.004 -13"><span class='ocrx_word' id='word_1_404' title='bbox 1094 2420 1241 2453; x_wconf 90' lang='lat' dir='ltr'><strong>maxime</strong></span> <span class='ocrx_word' id='word_1_405' title='bbox 1259 2432 1299 2453; x_wconf 87' lang='lat' dir='ltr'><strong>ex</strong></span> <span class='ocrx_word' id='word_1_406' title='bbox 1317 2420 1544 2465; x_wconf 87' lang='lat' dir='ltr'><strong>Theopompo</strong></span> <span class='ocrx_word' id='word_1_407' title='bbox 1562 2421 1639 2454; x_wconf 86' lang='lat'><strong>681.</strong></span> 
     </span>
    </p>

    <p class='ocr_par' dir='ltr' id='par_1_78' title="bbox 1046 2464 1670 2510">
     <span class='ocr_line' id='line_1_110' title="bbox 1046 2464 1670 2510; baseline 0.003 -13"><span class='ocrx_word' id='word_1_408' title='bbox 1046 2464 1231 2498; x_wconf 88' lang='lat' dir='ltr'><strong>Niceratus</strong></span> <span class='ocrx_word' id='word_1_409' title='bbox 1250 2466 1367 2500; x_wconf 89' lang='lat' dir='ltr'><strong>Niciae</strong></span> <span class='ocrx_word' id='word_1_410' title='bbox 1385 2467 1475 2500; x_wconf 88' lang='lat' dir='ltr'><strong>filius</strong></span> <span class='ocrx_word' id='word_1_411' title='bbox 1494 2468 1572 2510; x_wconf 86' lang='lat'><strong>823.</strong></span> <span class='ocrx_word' id='word_1_412' title='bbox 1592 2467 1670 2501; x_wconf 85' lang='lat'><strong>826.</strong></span> 
     </span>
    </p>

    <p class='ocr_par' dir='ltr' id='par_1_79' title="bbox 1047 2511 1719 2554">
     <span class='ocr_line' id='line_1_111' title="bbox 1047 2511 1719 2554; baseline 0.004 -11"><span class='ocrx_word' id='word_1_413' title='bbox 1047 2511 1275 2545; x_wconf 87' lang='lat' dir='ltr'><strong>novemdialia</strong></span> <span class='ocrx_word' id='word_1_414' title='bbox 1292 2524 1387 2545; x_wconf 86' lang='lat' dir='ltr'><strong>sacra</strong></span> <span class='ocrx_word' id='word_1_415' title='bbox 1405 2518 1622 2546; x_wconf 89' lang='lat' dir='ltr'><strong>mortuorum</strong></span> <span class='ocrx_word' id='word_1_416' title='bbox 1642 2525 1719 2554; x_wconf 84' lang='lat'><strong>444.</strong></span> 
     </span>
    </p>

    <p class='ocr_par' dir='ltr' id='par_1_80' title="bbox 1047 2557 1671 2603">
     <span class='ocr_line' id='line_1_112' title="bbox 1047 2557 1671 2603; baseline 0.006 -15"><span class='ocrx_word' id='word_1_417' title='bbox 1047 2557 1220 2599; x_wconf 88' lang='lat' dir='ltr'><strong>optativus</strong></span> <span class='ocrx_word' id='word_1_418' title='bbox 1238 2558 1273 2590; x_wconf 92' lang='lat' dir='ltr'><strong>in</strong></span> <span class='ocrx_word' id='word_1_419' title='bbox 1290 2558 1443 2592; x_wconf 91' lang='lat' dir='ltr'><strong>oratione</strong></span> <span class='ocrx_word' id='word_1_420' title='bbox 1461 2559 1599 2603; x_wconf 89' lang='lat' dir='ltr'><strong>obliqua</strong></span> <span class='ocrx_word' id='word_1_421' title='bbox 1616 2569 1671 2600; x_wconf 86' lang='lat'><strong>42.</strong></span> 
     </span>
    </p>

    <p class='ocr_par' dir='ltr' id='par_1_81' title="bbox 1048 2601 1295 2647">
     <span class='ocr_line' id='line_1_113' title="bbox 1048 2601 1295 2647; baseline 0.008 -13"><span class='ocrx_word' id='word_1_422' title='bbox 1048 2601 1199 2635; x_wconf 90' lang='lat' dir='ltr'><strong>Orontes</strong></span> <span class='ocrx_word' id='word_1_423' title='bbox 1219 2603 1295 2647; x_wconf 84' lang='lat'><strong>263.</strong></span> 
     </span>
    </p>

    <p class='ocr_par' dir='ltr' id='par_1_82' title="bbox 1048 2647 1236 2692">
     <span class='ocr_line' id='line_1_114' title="bbox 1048 2647 1236 2692; baseline 0.005 -12"><span class='ocrx_word' id='word_1_424' title='bbox 1048 2647 1187 2691; x_wconf 90' lang='lat' dir='ltr'><strong>Oropus</strong></span> <span class='ocrx_word' id='word_1_425' title='bbox 1205 2659 1236 2692; x_wconf 90' lang='grc'><strong>3.</strong></span> 
     </span>
    </p>

    <p class='ocr_par' dir='ltr' id='par_1_83' title="bbox 1048 2692 1571 2739">
     <span class='ocr_line' id='line_1_115' title="bbox 1048 2692 1571 2739; baseline 0.006 -14"><span class='ocrx_word' id='word_1_426' title='bbox 1048 2692 1249 2736; x_wconf 90' lang='lat' dir='ltr'><strong>Pamphilus</strong></span> <span class='ocrx_word' id='word_1_427' title='bbox 1267 2695 1474 2728; x_wconf 88' lang='lat' dir='ltr'><strong>trierarchus</strong></span> <span class='ocrx_word' id='word_1_428' title='bbox 1493 2695 1571 2739; x_wconf 87' lang='grc'>823.</span> 
     </span>
    </p>

    <p class='ocr_par' dir='ltr' id='par_1_84' title="bbox 1046 2737 1674 2783">
     <span class='ocr_line' id='line_1_116' title="bbox 1046 2737 1674 2783; baseline 0.005 -13"><span class='ocrx_word' id='word_1_429' title='bbox 1046 2737 1366 2773; x_wconf 89' lang='lat' dir='ltr'><strong>Panathenaeorum</strong></span> <span class='ocrx_word' id='word_1_430' title='bbox 1384 2741 1579 2783; x_wconf 83' lang='grc' dir='ltr'>ἐπιμεληταί</span> <span class='ocrx_word' id='word_1_431' title='bbox 1599 2751 1674 2773; x_wconf 89' lang='lat'><strong>112.</strong></span> 
     </span>
    </p>

    <p class='ocr_par' dir='ltr' id='par_1_85' title="bbox 1047 2783 1517 2830">
     <span class='ocr_line' id='line_1_117' title="bbox 1047 2783 1517 2830; baseline 0.006 -14"><span class='ocrx_word' id='word_1_432' title='bbox 1047 2783 1219 2818; x_wconf 88' lang='lat' dir='ltr'><strong>Patrocles</strong></span> <span class='ocrx_word' id='word_1_433' title='bbox 1239 2785 1420 2830; x_wconf 86' lang='lat' dir='ltr'><strong>Phlyensis</strong></span> <span class='ocrx_word' id='word_1_434' title='bbox 1439 2795 1517 2830; x_wconf 83' lang='lat'><strong>373.</strong></span> 
     </span>
    </p>

    <p class='ocr_par' dir='ltr' id='par_1_86' title="bbox 1047 2829 1766 2907">
     <span class='ocr_line' id='line_1_118' title="bbox 1047 2829 1766 2907; baseline 0.003 -46"><span class='ocrx_word' id='word_1_435' title='bbox 1047 2829 1222 2907; x_wconf 57' lang='lat' dir='ltr'><strong>Pegiandri</strong></span> <span class='ocrx_word' id='word_1_436' title='bbox 1249 2832 1301 2864; x_wconf 84' lang='lat' dir='ltr'><strong>lex</strong></span> <span class='ocrx_word' id='word_1_437' title='bbox 1320 2831 1487 2876; x_wconf 88' lang='lat' dir='ltr'><strong>quaedam</strong></span> <span class='ocrx_word' id='word_1_438' title='bbox 1507 2831 1547 2864; x_wconf 90' lang='lat' dir='ltr'><strong>de</strong></span> <span class='ocrx_word' id='word_1_439' title='bbox 1572 2831 1766 2875; x_wconf 84' lang='lat' dir='ltr'><strong>symmoriis</strong></span> 
     </span>
    </p>

    <p class='ocr_par' dir='ltr' id='par_1_87' title="bbox 1117 2885 1169 2908">
     <span class='ocr_line' id='line_1_119' title="bbox 1117 2885 1169 2908; baseline 0 -1"><span class='ocrx_word' id='word_1_440' title='bbox 1117 2885 1169 2908; x_wconf 87' lang='lat'><strong>20.</strong></span> 
     </span>
    </p>
   </div>
  </div>
 </body>
</html>
