1935 3200
290 132 403 171 1152
633 131 955 173 ADVERSUS
991 133 1456 175 NAUSIMAOHUM

287 235 423 289 majus
445 248 585 289 quam,
606 237 640 276 si
662 250 812 278 caussa
834 237 1072 287 ceciderint,
1096 239 1150 280 ad
1171 253 1377 279 summum
1399 240 1480 279 duo
1502 240 1663 281 talenta
1683 242 1805 282 amit-

287 292 418 333 tendi.
462 292 658 333 REISK.

346 349 442 400 986,
466 361 529 388 10.
560 349 800 401 τυγχάνουσι
831 351 1109 404 γεγραμμένοι]
1144 351 1420 403 γεγραμμένοι,
1449 352 1606 393 scilicet
1636 353 1705 393 τὸν
1733 370 1803 393 πα-

287 403 381 455 τέρα
405 405 511 454 ἡμῶν
536 406 632 456 ὑπὲρ
657 409 723 456 τῆς
751 408 968 458 ἐπιτροπῆς.
1018 422 1066 448 ex
1096 422 1169 462 quo
1191 414 1351 461 patrem
1380 409 1481 448 male
1506 416 1634 462 §estole
1663 409 1805 450 tutelae

287 459 510 500 detulerunt
541 461 599 501 ad
619 462 799 514 judicem
832 477 1014 517 reumque
1045 471 1213 517 eqermzt.
1246 464 1438 504 REISK.
1502 465 1659 504 Mirum
1694 465 1805 505 inter

286 516 514 569 petendum
535 521 578 557 et
598 518 913 573 transigendum
935 524 1031 560 octo
1051 534 1182 560 annos
1204 520 1496 560 intercessisse.
1530 521 1784 562 SOHAEF.

346 572 441 626 986,
464 586 525 613 11.
558 574 809 629 ἀπαλλαγαὶ]
845 578 1062 627 διαλλαγαί
1087 576 1127 616 S.
1191 576 1393 616 Nostrum
1424 577 1602 618 recurrit
1631 592 1671 631 p.
1707 578 1801 632 987,

291 641 354 668 10.
377 628 626 683 videturque
647 630 697 671 de
719 631 796 671 hoc
818 632 985 685 negotio
1007 632 1174 686 proprie
1196 632 1288 672 (lici.
1321 632 1571 673 SOHAEF.

344 685 439 738 986,
462 696 525 725 12.
556 686 617 725 καὶ
646 691 722 727 τῶν
745 688 975 742 ἐπιτρόπων]
1009 689 1195 729 Subaudi
1226 691 1568 739 τετελευτηκότων.
1606 689 1801 731 REISK.

286 740 423 794 Atqui
456 741 641 795 pendent
667 743 710 782 hi
738 758 881 783 omnes
915 745 1089 798 genitivi
1121 746 1174 785 ab
1202 750 1445 799 antegresso
1474 748 1799 796 τετελευτηκότος.

287 797 447 837 Utilius
468 812 639 838 moneas
659 800 873 840 subaudiri
894 805 971 841 τῶν
991 802 1198 853 ἡμετέρων.
1243 801 1494 843 SGHAEF.

343 854 437 908 986,
460 867 522 907 15.
557 854 586 894 J
591 857 785 909 ungenda
815 862 914 897 sunt
942 858 1097 898 πάντων
1118 862 1194 898 τῶν
1215 860 1426 904 πλείστων,
1447 858 1652 912 plerisque
1678 860 1801 898 omni-

284 908 361 950 bus.
408 910 650 964 Xenophon
672 912 823 966 Gyrop.
846 915 883 961 6,
916 927 951 962 2,
978 915 1041 953 28.
1071 916 1131 954 καὶ
1159 917 1206 954 τὰ
1235 916 1337 966 ἑφθὰ
1364 916 1405 954 δὲ
1433 914 1581 954 πάντα
1608 914 1690 964 μεθ’
1712 917 1800 955 ὕδα-

283 983 348 1008 τος
374 969 428 1006 τὰ
453 971 657 1007 πλεῖστα
687 971 934 1009 ἐσκεύασται.
977 970 1228 1010 SCHAEF.

341 1022 436 1076 986,
462 1034 531 1063 20.
558 1025 659 1074 φασὶ
685 1027 896 1076 γὰρ-τῶν
917 1028 1057 1080 ὄντων]
1095 1027 1324 1066 Affirmant
1354 1026 1462 1066 enim
1495 1026 1799 1067 Nausimachus

283 1082 326 1118 et
353 1078 632 1133 Xenopithes,
658 1081 834 1135 pecunia
866 1081 946 1130 illa,
974 1097 1098 1135 quam
1123 1083 1177 1123 ab
1207 1082 1501 1123 Aristaeclnno
1534 1088 1797 1136 acceperunt,

282 1148 326 1174 se
348 1149 481 1188 neque
502 1136 735 1177 vendidisse
760 1152 893 1191 neque
915 1139 1092 1179 vendere
1120 1139 1161 1178 in
1190 1139 1328 1179 animo
1360 1139 1437 1179 sibi
1468 1139 1593 1179 fuisse
1621 1144 1798 1192 paterna

281 1190 403 1239 bona,
426 1205 558 1246 neque
583 1193 761 1234 fortunis
787 1195 870 1234 suis
901 1195 1086 1235 cessisse.
1120 1195 1368 1236 SEAGER.
1393 1196 1508 1236 Diar.
1535 1195 1706 1236 Classic.
1729 1206 1797 1250 59.

281 1262 322 1301 p.
347 1261 440 1301 109.

340 1304 435 1357 986,
461 1317 525 1358 23.
552 1307 805 1360 Ξενοπείθης]
842 1307 1109 1362 Xenopithes
1138 1309 1204 1348 hic
1227 1312 1290 1349 est
1316 1308 1464 1356 senior,
1487 1312 1663 1362 patruus
1683 1313 1797 1349 acto-

280 1373 385 1409 rum,
408 1360 540 1401 frater
562 1361 837 1412 Nausicratis,
861 1363 931 1417 qui
953 1370 1075 1418 pater
1095 1370 1287 1406 actorum
1308 1369 1412 1405 erat.
1456 1364 1651 1404 REISK.

338 1417 433 1470 986,
459 1429 524 1469 27.
557 1421 604 1458 τὰ
637 1419 1049 1471 χωρία-παρέλαβον
1075 1422 1193 1475 οὗτοι]
1228 1421 1391 1461 Insulas
1424 1421 1514 1461 illas
1548 1425 1590 1461 et
1624 1422 1797 1474 praedia

281 1477 472 1514 emerunt
502 1478 676 1522 tutores,
703 1490 809 1529 quae
842 1476 906 1516 his
941 1477 1242 1529 (Nausimacho
1276 1482 1319 1518 et
1351 1477 1585 1531 Xenopithi
1618 1477 1793 1530 scilicet)

280 1529 560 1571 tradiderunt.
605 1531 855 1572 SEAGER.
878 1533 903 1572 l.
926 1547 959 1573 c.

336 1586 431 1639 986,
457 1587 523 1627 28.
556 1588 592 1627 οἱ
614 1588 832 1642 ἐπίτροποι]
868 1589 1053 1629 Dubium
1081 1590 1149 1644 qui
1181 1595 1343 1631 tutores
1373 1590 1654 1644 designentur,
1684 1589 1795 1630 Nau-

279 1641 508 1682 simachine
549 1648 592 1683 et
633 1644 902 1698 Xenopithis,
939 1652 1142 1693 aetorum,
1179 1662 1233 1687 an
1273 1661 1452 1694 reorum,
1488 1646 1664 1685 filiorum
1699 1647 1794 1686 Ari-

280 1698 494 1738 staechmi.
556 1698 637 1739 Sed
667 1705 858 1740 aetorum
887 1706 1048 1742 tutores
1079 1703 1289 1753 designari
1317 1707 1360 1743 et
1389 1703 1521 1742 solum
1552 1702 1795 1742 Aristaech-

280 1767 393 1793 mum
414 1769 558 1794 eorum
580 1760 765 1796 tutorem
795 1772 877 1796 non
903 1758 1029 1798 fuisse
1059 1755 1295 1799 credibilius
1320 1764 1394 1799 est.
1430 1758 1622 1798 REISK.
1685 1758 1794 1809 Quin

280 1824 445 1850 verum:
480 1811 611 1851 tutori
642 1812 750 1852 enim
784 1814 975 1854 solebant
1007 1815 1105 1855 addi
1139 1817 1428 1867 συνεπίτροποι,
1458 1814 1616 1868 opinor,
1646 1829 1697 1854 ne
1729 1815 1794 1855 ille

279 1880 407 1919 agens
438 1881 513 1919 pro
541 1867 716 1908 arbitrio
742 1871 968 1910 commodis
999 1871 1143 1925 pupilli
1172 1871 1367 1912 officeret.
1417 1871 1470 1911 V.
1495 1871 1549 1911 ad
1570 1885 1609 1924 p.
1634 1870 1728 1924 987,
1753 1883 1790 1921 7.

280 1922 533 1962 SOHAEF.

342 1979 436 2031 987,
472 1991 508 2018 2.
552 1981 650 2029 ὅλην
692 1980 761 2030 τὴν
799 1983 1009 2032 ἐπιτροπὴν
1046 1983 1351 2037 ἐγκαλέσαντες]
1397 1982 1582 2023 Subaudi
1621 1985 1671 2036 τῷ
1716 1983 1791 2036 ἐμῷ

278 2035 405 2084 πατρί.
448 2034 641 2075 REISK.

336 2090 430 2143 987,
452 2103 492 2142 5.
523 2091 650 2132 πάντα
678 2092 817 2147 ταῦτα]
853 2093 1018 2134 Scilicet
1051 2097 1096 2134 τὰ
1127 2094 1361 2145 ἐγκλήματα,
1397 2095 1420 2134 ἃ
1455 2097 1523 2134 νῦν
1556 2096 1793 2145 ἐγκαλοῦσιν

277 2145 380 2194 ἡμῖν.
425 2147 628 2188 REISK.

334 2201 454 2254 οὗτοι]
488 2202 793 2243 Nausimachus
814 2208 856 2245 et
879 2205 1158 2258 Xenopithes.
1201 2206 1405 2245 REISK.

334 2257 429 2309 987,
454 2269 490 2308 7.
524 2259 684 2312 ἐκεῖνοι]
723 2260 1052 2309 Aristaechmus,
1085 2266 1206 2315 pater
1241 2266 1394 2309 noster,
1429 2265 1472 2300 et
1507 2261 1654 2314 reliqui
1695 2276 1790 2301 eon-

276 2316 410 2352 sortes
443 2313 613 2353 tutelae.
674 2315 894 2356 Sententia
926 2322 1013 2357 est:
1053 2317 1109 2357 illi
1140 2322 1302 2357 tutores
1338 2317 1516 2371 pecunia
1549 2317 1652 2365 istis,
1686 2332 1789 2370 quas

276 2368 438 2421 pupillis
469 2369 552 2408 suis
582 2371 882 2423 persolverunt,
913 2373 1187 2421 redimebant,
1220 2388 1302 2412 non
1333 2387 1482 2413 nomen
1513 2373 1684 2423 tutelae,
1717 2374 1789 2413 sed

276 2424 599 2473 criminationes,
622 2426 660 2465 h.
683 2440 717 2465 e.
742 2427 901 2468 dabant
931 2428 1014 2467 suis
1043 2429 1208 2482 pupillis
1235 2430 1325 2469 illas
1356 2429 1565 2483 pecunias,
1588 2444 1669 2482 quo
1689 2429 1788 2469 libe-

275 2484 482 2528 rarentur,
514 2495 598 2520 non
628 2482 793 2521 nomine
822 2484 993 2531 tutelae,
1026 2485 1098 2524 sed
1128 2485 1270 2524 litibus
1301 2490 1344 2525 ot
1374 2485 1707 2525 accusationibus
1738 2499 1787 2524 ex

274 2535 637 2577 administratione
665 2538 822 2578 tutelae
854 2540 1162 2580 exsistentibus.
1199 2541 1400 2580 REISK.
1465 2540 1519 2579 V.
1544 2555 1583 2593 p.
1607 2555 1701 2594 990,
1721 2552 1783 2592 17.

275 2595 318 2631 et
341 2591 431 2631 Ind.
451 2592 681 2634 Graecitat.
703 2608 742 2647 p.
766 2606 864 2647 543.
906 2595 1157 2635 SOHAEF.

332 2648 427 2700 987,
447 2661 509 2699 14.
538 2649 773 2701 παράγουσι]
811 2650 978 2690 Dicitur
1012 2651 1203 2702 παράγειν
1233 2668 1280 2698 τι,
1312 2656 1360 2691 ut
1396 2652 1618 2702 φενακίζειν
1648 2669 1696 2697 τι,
1734 2652 1785 2691 de

274 2716 355 2755 quo
372 2717 408 2742 v.
430 2703 485 2742 ad
506 2719 545 2757 p.
571 2707 668 2758 362,
692 2719 754 2744 11.
820 2706 920 2745 Plus
940 2711 1081 2746 autem
1103 2712 1166 2746 est
1187 2708 1404 2757 παράγουσι
1426 2721 1551 2760 quam
1571 2709 1786 2756 βούλονται

273 2758 488 2809 παράγεινε
532 2759 789 2814 significatur
824 2762 934 2801 enim
973 2761 1137 2801 initium
1172 2762 1331 2802 fraudis
1367 2763 1455 2815 jam
1490 2763 1647 2802 factum
1683 2776 1783 2809 esse,

273 2814 390 2866 cujus
410 2814 567 2867 laqueis
589 2820 636 2856 ut
652 2817 813 2869 judices
835 2817 1120 2871 expediantur,
1136 2833 1259 2858 orans
1281 2819 1381 2858 haee
1404 2818 1624 2871 disceptat.
1666 2818 1785 2858 Gom-

272 2883 393 2921 pares
414 2871 584 2910 verbum
606 2875 767 2912 πείθειν.
811 2874 1008 2913 SCHAE
1018 2873 1064 2913 F.

330 2925 425 2978 987,
445 2927 507 2966 18.
528 2929 688 2981 λαβεῖν]
723 2928 829 2968 Illud
857 2929 983 2981 χρέος,
1010 2943 1080 2970 aes
1109 2929 1287 2970 alienum
1318 2929 1482 2983 pupillis
1511 2928 1699 2969 debitum
1729 2928 1783 2968 ab
