1925 3215
687 135 740 174 {N
778 135 894 174 NEA
908 135 1020 174 [clm
1032 135 1092 174 M.
1534 136 1642 177 1363

130 240 281 280 verba:
323 241 385 279 διὰ
421 243 532 278 τοῦτο
571 242 703 279 πολλὰ
739 244 815 280 τῶν
849 240 1000 292 μέτρων
1036 239 1292 290 συμβέβηκεν
1327 241 1642 288 ἀποκρύπτεσθαι

128 297 361 346 σιωπώμενα
392 297 434 335 εἰ.Ι
456 298 500 346 τῇ
527 299 622 335 κατὰ
648 297 766 345 πεζὸν
785 296 1075 347 βῆσεν-εὕροι
1106 300 1202 347 γοῦν
1224 298 1271 336 ἄν
1291 313 1347 338 τις
1375 300 1480 348 παρὰ
1511 303 1640 348 Δημο-

129 352 262 392 σθένει
283 354 334 406 τῷ
355 352 484 403 ῥήτορι
513 354 651 405 στίχον
671 353 834 403 ἡρωϊκὸν
857 352 1128 403 κεκρυμμένον,
1153 352 1194 394 ὃς
1219 355 1386 403 ἠδυνήθη
1417 357 1556 394 λαθεῖν
1579 357 1641 394 διὰ

127 408 171 448 τὸ
194 408 309 457 πεζὴν
331 409 455 448 οὖσαν
475 409 544 458 τὴν
566 411 771 460 προφορὰν
793 409 1039 459 συναρπάσαι
1067 410 1118 462 τῷ
1145 410 1252 462 λόγῳ
1275 410 1344 459 τὴν
1367 410 1499 459 ἀκοήν.
1541 412 1641 462 φησὶ

129 468 235 516 γοῦν·
273 466 328 517 (p.
357 466 452 517 276,
477 468 551 516 12.)

341 537 350 549 Χ
434 539 445 550 N
504 539 513 550 5
555 537 565 551 ἦ
672 540 681 551 Ι
825 539 833 551 Ι
999 540 1013 550 Ν
1031 536 1040 549 3
1061 537 1075 551 Α
1153 540 1161 552 Ἱ
1195 537 1202 549 ἲ
1285 537 1293 551 Ι

298 540 381 576 Tou
402 554 476 588 γαρ
498 555 539 576 εν
570 541 760 592 Αμφισσῃ
782 544 970 588 πολεμον,
996 552 1030 577 οι
1060 554 1106 577 ον
1128 555 1180 579 εις
1210 542 1406 578 Ελατειαν

300 594 396 642 ἦλθε
419 595 628 635 Φίλιππος.

129 666 265 718 στίχος
301 666 409 705 ἐστὶν
441 667 575 720 ἡρῷος.
625 668 732 706 ἀλλὰ
766 667 842 717 μὴν
876 667 937 706 καὶ
962 666 1134 706 Ἰωνικὸν
1170 667 1265 718 (ἀπὸ
1300 668 1509 721 μείζονος),
1544 670 1639 708 ὅταν

128 721 238 773 λέγῃ·
274 725 333 775 (1)·
360 734 424 775 29³
451 726 535 775 23·)

301 798 472 834 Πολλῶν
494 796 534 834 δὲ
557 796 689 847 λόγων
711 797 773 835 καὶ
795 797 963 847 θορύβου
985 796 1220 847 γιγνομένου
1242 796 1327 847 παρ’
1346 799 1447 847 ὑμῖν.

129 871 329 912 Similiter
360 870 402 910 in
425 871 603 926 Philipp.
629 872 660 913 Ι.
685 887 723 926 p.
746 886 814 925 42,
838 887 868 913 1.
893 874 1116 913 observant
1148 888 1236 913 esso
1267 889 1417 927 purum
1447 875 1639 915 hexame-

127 933 264 969 trum:

299 999 360 1038 καὶ
382 996 595 1049 προσέχειν
616 995 684 1035 τὸν
706 998 798 1036 νοῦν
820 997 967 1039 τούτοις
989 996 1195 1037 ἐθέλουσιν
1217 997 1396 1040 ἅπαντες.

129 1069 178 1109 In
210 1070 504 1111 Aristocratea
535 1084 574 1123 p.
599 1070 693 1118 664,
720 1070 778 1108 18.
802 1084 892 1122 sqq.
924 1084 1004 1110 una
1041 1069 1236 1123 periodus
1270 1070 1373 1110 duos
1405 1070 1637 1110 istiusmodi

127 1140 269 1166 versus
291 1125 593 1181 complectitur,
612 1125 767 1166 scilieet
784 1142 791 1165 ε
824 1127 907 1166 ἔστι
927 1128 1001 1178 γὰρ
1023 1128 1152 1178 φίλων
1171 1128 1328 1178 ἀγαθῶν
1347 1127 1391 1166 οὐ
1413 1129 1461 1166 τὰ
1482 1130 1640 1167 τοιαῦτα

127 1184 355 1235 χαρίζεσθαι

299 1259 378 1297 τοῖς
401 1256 536 1304 εὔνοις,
561 1256 600 1304 ἐξ
623 1255 675 1294 ὧν
698 1255 887 1296 κάκείνοις
910 1255 970 1294 καὶ
993 1256 1134 1305 σφίσιν
1156 1255 1286 1296 αὐτοῖς

129 1325 238 1366 ἔσται
260 1343 313 1368 τις
333 1326 484 1376 βλάβη,
509 1325 596 1365 ἀλλ’
615 1326 635 1365 ὃ
657 1328 729 1376 μὲν
751 1326 799 1366 ἂν
819 1326 948 1381 μέλλῃ
972 1328 1172 1366 συνοίσειν

300 1400 458 1450 ἀμφοῖν,
483 1399 757 1450 συμπράττειν,
781 1398 800 1437 ὓ
823 1398 853 1438 δ’
871 1399 918 1438 ἂν
941 1399 1054 1440 αὐτὸς
1077 1400 1235 1449 ἄμεινον
1259 1400 1406 1439 ἐκείνου

127 1473 288 1524 προορᾷ,
312 1473 407 1523 πρὸς
436 1473 478 1512 τὸ
506 1476 630 1514 καλῶς
660 1473 754 1524 ἔχον
777 1473 964 1511 τίθεσθαι.
1032 1472 1077 1510 In
1112 1471 1256 1512 eadem
1291 1487 1417 1526 porro
1450 1472 1640 1513 oratione

127 1529 265 1582 plures
287 1528 439 1568 insunt.
506 1529 571 1569 Ita
593 1543 632 1582 p.
656 1530 751 1583 6:5‚
777 1542 806 1568 1.

299 1603 394 1652 ὑμᾶς
416 1602 478 1641 καὶ
498 1603 620 1651 μόνον
643 1602 856 1652 ἀνθρώπων
878 1600 926 1640 ἂν
948 1601 1022 1653 ἔφη
1045 1603 1280 1652 Χαρίδημον.

128 1679 171 1715 et
192 1690 231 1728 p.
260 1677 355 1729 636,
377 1689 418 1725 4.

299 1750 430 1790 ἁπλῶς
451 1749 499 1788 ἄν
524 1765 578 1789 τις
598 1749 805 1798 ἀποκτείνῃ
828 1748 1051 1798 Χαρίδημον
1073 1746 1242 1799 ἀγέσθω.

129 1819 253 1860 Adde
279 1835 319 1874 p.
344 1822 438 1872 644,
463 1821 500 1859 6.
525 1820 619 1872 658,
644 1822 682 1859 6.
708 1822 802 1873 665,
826 1835 918 1873 pen.
942 1821 1036 1866 668,
1060 1834 1098 1872 3.
1162 1819 1282 1859 Haec
1318 1824 1461 1860 autem
1496 1820 1640 1860 levius-

129 1876 236 1916 eula.
299 1876 390 1930 Ego
412 1881 553 1916 tamen
581 1875 765 1915 arbitror
790 1876 857 1915 vix
880 1890 967 1915 esse
992 1875 1299 1920 Demosthenis,
1323 1881 1369 1915 ut
1395 1876 1449 1915 ad
1474 1891 1640 1915 sensum

129 1946 211 1971 non
233 1932 403 1972 maximi
431 1932 626 1986 ponderis
648 1932 975 1985 expromendum
1002 1946 1134 1984 nequo
1155 1931 1304 1985 insigni
1334 1931 1475 1985 aliqua
1504 1932 1640 1985 gravi-

128 1992 219 2028 tate
255 1993 329 2028 aut.
364 1988 619 2028 auctoritate
654 1988 933 2036 nobilitatum,
969 1988 1213 2041 qualemque
1244 1988 1305 2027 vel
1341 2003 1392 2028 ex
1427 1988 1640 2041 plebecula,

128 2044 353 2097 aliquando
389 2044 604 2097 concipere
637 2044 786 2092 solent,
817 2045 942 2084 verba
978 2049 1124 2084 mutuo
1161 2049 1343 2084 sumeret
1379 2059 1400 2084 e
1436 2059 1561 2085 seena
1597 2050 1640 2085 et

129 2115 371 2140 numerosos
412 2101 572 2140 iambos
607 2100 789 2154 pedestri
827 2115 926 2141 suae
963 2100 1144 2140 orationi
1180 2108 1337 2140 temere
1373 2101 1637 2141 immisceret.

131 2155 226 2195 Non
262 2156 323 2196 ita
355 2157 490 2196 solens
526 2162 602 2196 est.
636 2157 895 2197 TAYLOR.
956 2157 1261 2197 Demosthenes
1289 2172 1328 2211 p.
1350 2159 1446 2210 364,
1471 2170 1536 2211 25.
1561 2158 1640 2197 οὐδ’

130 2214 277 2254 ἄλλους
312 2214 498 2262 πολλοὺς,
537 2212 625 2252 ἀλλ’
649 2214 707 2252 ὅτι
741 2213 943 2265 συμφέρον
972 2213 1033 2263 ἧν.
1098 2213 1204 2253 Ibid.
1229 2225 1294 2264 27.
1326 2212 1347 2263 ἢ
1382 2214 1507 2253 ἄλλου
1539 2213 1641 2256 τινὸς

131 2269 343 2319 ἀνθρώπων
363 2271 460 2319 μετὰ
480 2270 567 2311 τοὺς
587 2271 691 2320 παρὰ
712 2270 858 2309 τούτου.
900 2284 940 2323 p.
961 2272 1058 2323 365,
1081 2283 1139 2309 11.
1164 2271 1200 2310 οἱ
1220 2273 1368 2311 Φωκεῖς
1393 2270 1529 2312 αὐτοὺς
1549 2272 1641 2309 ὑπο-

129 2325 378 2374 ποιήσωνται·
413 2326 544 2374 ἐπειδὴ
566 2324 595 2364 δ’
613 2325 705 2375 ἧκεν
728 2327 781 2367 εἰς
808 2327 961 2374 Πύλας,
983 2327 1019 2365 οἱ
1042 2327 1353 2376 Λακεδαιμόνιοι.
1395 2341 1434 2379 p.
1458 2337 1553 2379 312,
1576 2339 1639 2366 10.

129 2383 195 2430 τῆς
217 2382 364 2432 ἀγαθῆς
387 2382 446 2420 καὶ
466 2381 652 2433 μεγάλης.
696 2383 756 2421 καὶ
777 2386 856 2424 πῶς
879 2382 936 2422 ἔνι
954 2385 1066 2421 τοῦτο
1087 2382 1299 2434 γενέσθαι;
1345 2381 1488 2422 Cicero
1506 2381 1641 2422 Bruto

131 2450 165 2475 c.
189 2438 239 2475 8:
272 2437 442 2476 Primus
462 2437 654 2478 intellexit
676 2439 927 2490 (Isocrates)
951 2438 1071 2478 etiam
1102 2438 1147 2477 in
1176 2438 1301 2478 soluta
1333 2439 1507 2477 oratione
1536 2439 1642 2477 (lum

131 2505 312 2531 versum
352 2493 586 2545 est'ccqeres,
627 2494 784 2533 modam
821 2500 951 2534 tamen
987 2500 1022 2534 et
1061 2508 1266 2533 numerum
1301 2494 1497 2546 quendam
1532 2508 1642 2546 opor-

131 2553 210 2587 tere
234 2548 400 2587 servari.
440 2548 493 2588 V.
516 2549 687 2589 Corrad.
710 2551 763 2589 ad
794 2550 940 2590 locum.
974 2550 1117 2590 Cicero
1139 2563 1178 2603 3.
1201 2550 1251 2588 de
1281 2549 1402 2589 Orat.
1467 2549 1638 2599 Quintil.

134 2603 274 2643 Instit.
307 2617 343 2657 9,
375 2618 415 2654 4.
448 2610 490 2644 et
523 2604 598 2644 ult.
642 2606 865 2646 Fortunat.
892 2606 917 2646 l.
947 2619 986 2660 3.
1050 2606 1103 2645 V.
1136 2611 1222 2645 not.
1255 2605 1307 2644 ad
1340 2604 1501 2644 Cornel.
1535 2604 1640 2658 Nep.

131 2659 309 2712 praefat.
340 2659 486 2699 Barth.
514 2660 740 2701 Adversar.
769 2675 839 2714 54,
872 2675 936 2702 22.
1001 2661 1162 2702 Climax
1198 2661 1424 2699 Rhomnus.
1486 2660 1642 2713 Aquila

133 2715 307 2754 Rhetor.
328 2715 500 2768 Dionys.
521 2716 653 2756 Halic.
673 2734 712 2756 π.
732 2718 953 2760 συνθέσεως
981 2732 1116 2770 saepe.
1161 2716 1416 2766 Δημοσθένης
1439 2716 1642 2765 Δημοσθέ-

133 2788 222 2812 νους
244 2773 468 2812 Παιανιεύς.
514 2771 727 2812 Plutarch.
752 2773 793 2812 in
809 2773 924 2813 Vita.
951 2773 1255 2812 Demosthenes
1277 2786 1352 2825 pro
1375 2771 1469 2812 Cor.
1486 2786 1526 2824 p.
1544 2774 1640 2825 316,

133 2828 170 2866 6.
193 2826 297 2877 Ἐγὼ
336 2828 472 2875 νομίζω
509 2827 576 2867 τὸν
612 2830 683 2878 μὲν
721 2830 761 2869 εὖ
796 2832 970 2869 παθόντα
1004 2832 1098 2868 δεῖν.
1138 2828 1244 2866 IDEM
1281 2827 1322 2866 in
1358 2827 1532 2867 schedis.
1577 2828 1638 2869 Cf.

134 2882 305 2922 Santen.
322 2882 376 2921 ad
391 2882 629 2925 Terentian.
651 2884 789 2924 Maur.
804 2899 843 2938 p.
861 2896 952 2937 277.
974 2897 1070 2937 302.
1093 2889 1135 2923 et
1152 2899 1187 2922 v.
1208 2882 1384 2922 Porsoni
1408 2883 1638 2924 Miscellan.

132 2952 171 2990 p.
187 2940 282 2991 369.
319 2939 577 2979 SCHAEF.
640 2939 693 2978 V.
712 2940 764 2979 ad
788 2955 828 2993 p.
850 2954 910 2988 10.
935 2942 972 2979 6.
991 2944 1033 2979 et
1058 2941 1149 2991 276,
1172 2952 1232 2980 12.
1288 2939 1384 2978 Alia
1406 2939 1642 2992 hujusmodi
