1935 3200
265 124 365 160 1460

308 230 387 268 post
415 223 516 263 dicta,
545 236 653 276 quum
681 237 746 268 pax
776 225 849 269 ipsa
876 226 986 259 sanci-

309 270 398 302 enda
418 276 520 309 esset,
538 271 641 313 puori
663 271 820 304 concioni
843 283 986 316 prorsus

310 316 481 348 contraria
498 316 647 359 345,18.
674 323 859 361 antequam
873 329 892 350 a
906 318 987 351 Phi-

310 362 403 404 lippo
444 368 734 405 corrumperetur,
770 363 988 396 vehementer

310 407 375 450 ipsi
393 406 651 446 adversabatur,
672 410 911 453 populumque
928 409 987 442 ad-

311 464 433 485 versus
463 464 543 485 eum
576 453 790 487 orationibus
824 455 988 488 accende-

311 498 381 537 bat,
407 503 440 531 et
471 498 601 531 Eubuli
626 500 841 543 rogationem
864 512 987 533 secun-

313 543 416 576 dabat
443 543 619 577 suadentis
647 551 686 578 ut
713 546 814 589 legati
838 546 881 579 ad
907 547 988 579 civi-

312 595 398 622 tates
425 590 733 634 Peloponnesiacas
761 592 988 631 mitterentur,

313 635 371 678 qui
390 647 445 668 eas
462 635 496 668 in
513 636 624 669 societ·
619 642 708 669 item
727 637 806 669 belli
824 637 927 671 advel
931 649 989 671 sus

315 681 513 724 Philiupum
538 682 774 725 pertraherent
799 684 878 727 438,
898 693 917 725 5
938 696 988 728 Sq-

313 732 345 759 et
368 738 440 770 ipse
463 728 669 771 legationem
697 729 777 761 illuc
803 729 888 762 obiit
911 730 988 773 438,

315 783 369 816 23.
405 774 506 816 paulo
530 780 608 817 post
634 780 767 817 captam
794 775 991 820 Olynthum

314 829 393 862 439,
423 819 455 851 8.
494 819 684 852 Aeschines
714 820 900 864 Pylagoras
926 821 991 854 fuit

316 873 380 908 277
401 876 451 908 5(1·

267 909 446 949 Aeschrio,
466 922 584 944 servus
603 911 788 947 ἀκόλουθος
803 924 862 945 seu
878 912 989 956 pedis-

315 967 443 1000 sequus
457 956 629 989 Timothei
648 968 735 1002 1190
747 959 807 990 ult.
825 969 921 1002 1193,
938 968 991 1002 13.

268 1002 463 1045 Aeschylus
491 1002 750 1042 Charidemum,
775 1004 991 1037 Ischomachi

316 1047 436 1086 filium,
457 1047 632 1091 adoptavit
655 1060 752 1093 1331,
770 1059 824 1091 25.

269 1093 394 1126 Aesius
407 1105 529 1126 caussa
540 1094 705 1128 adversus
716 1095 992 1128 Nausimachum

316 1144 348 1171 et
367 1139 599 1183 Xenopithem
625 1140 745 1174 fratres
772 1141 893 1174 cecidit
913 1153 992 1185 933,

320 1195 371 1217 11.

269 1230 407 1269 Aesius,
426 1230 530 1263 frater
548 1231 687 1275 Aphobi
706 1232 815 1276 849,2
823 1232 927 1272 .861,
947 1244 977 1266 1.

270 1275 410 1314 Aethra,
428 1282 537 1309 mater
554 1277 754 1311 Acamantis
778 1279 946 1322 1398,11.

270 1323 454 1364 Agapaeus
480 1322 573 1365 apud
592 1324 723 1356 Oleum
744 1323 892 1367 Philippi
918 1336 994 1368 par-

316 1367 410 1400 tibus
429 1367 590 1401 studebat
611 1369 686 1408 126,
701 1382 735 1411 4.

271 1413 528 1456 Agatharchus,
570 1415 691 1458 pictor,
733 1415 776 1448 ab
818 1415 995 1449 Alcibiade

318 1470 415 1491 saeve
433 1459 572 1493 habitus
591 1460 669 1503 562,
689 1472 741 1493 12.

270 1504 420 1547 Agatho,
440 1514 609 1539 mercator
624 1507 783 1546 olearius,
802 1507 935 1540 actione
952 1507 994 1539 ab

317 1550 554 1594 Aristogitone
587 1553 724 1595 petitus,
755 1552 820 1585 hoc
851 1553 995 1596 pecunia

319 1596 461 1638 placato,
481 1597 671 1631 absolvitur
691 1600 836 1642 784,18.

272 1641 494 1685 Agathocles,
513 1643 656 1676 Α1011011
678 1654 738 1686 115
767 1645 844 1683 ,18

269 1687 415 1730 Agauus
461 1688 666 1733 Abydenus,
708 1691 865 1734 quamvis
915 1689 994 1723 odio

315 1733 545 1767 Athenienses
578 1742 840 1787 pei-sequeietur
873 1736 994 1768 acerri-

316 1779 536 1856 11Ρ119,ἓ11’113ῖο
553 1787 667 1814 tamen
687 1782 753 1814 ab
746 1783 830 1825 19515
846 1781 994 1814 donatus

333 1830 381 1857 uit
422 1827 478 1864 82,
494 1836 525 1858 2.

270 1869 447 1912 Χν13111115
465 1872 614 1915 438,11.

270 1915 310 1946 A
304 1927 397 1958 ›··,01a
416 1917 583 1960 oppidum
604 1918 836 1952 Cherrhonesi
854 1919 977 1961 86,15.

270 1942 465 2004 ΑΞ5111111115
494 1962 713 2007 Collytensis,
733 1977 812 1998 cum
839 1965 891 1998 vir
915 1977 993 2016 pro-

318 2007 383 2040 bus
406 2014 495 2041 esset
521 2009 675 2054 beneque
702 2010 743 2043 de
770 2010 805 2043 P.
826 2011 868 2043 A.
895 2023 994 2044 meri-

317 2058 386 2092 tus,
402 2065 570 2087 carcerem
589 2056 707 2088 multis
725 2056 824 2089 annis
839 2057 994 2095 incoluit,

318 2097 427 2131 donec
450 2111 527 2132 3013
551 2102 712 2143 peculatu
738 2102 926 2135 interversa
943 2114 993 2135 re-

319 2143 486 2177 stituisset
505 2154 582 2189 742,
601 2147 652 2179 16.

272 2187 371 2230 Ajax,
391 2201 583 2234 eponymus
601 2192 713 2225 tribus
732 2192 993 2232 Acantidarum,

320 2246 423 2278 quare
438 2242 544 2268 semet
562 2237 770 2271 interemerit
792 2249 889 2281 1399,
910 2249 938 2270 2.

273 2278 421 2318 Alcetas,
440 2281 563 2314 foeder¹
557 2288 633 2315 itus
652 2283 929 2322 Atheniensium,
943 2283 994 2315 in-

319 2325 462 2358 teicedit
488 2338 549 2369 plo
566 2328 760 2367 Timotheo,
779 2329 994 2380 imperatore,

319 2371 507 2421 majestatis
527 2384 583 2405 reo
604 2373 693 2406 ficto
716 2374 887 2417 1187,13.
923 2374 995 2417 ejus

319 2428 366 2448 rei
385 2428 506 2450 caussa
522 2418 595 2461 ipse
613 2419 768 2451 Athenas
782 2431 802 2452 1
806 2420 875 2452 enit
898 2430 909 2451 Ι
921 2430 995 2463 190,

322 2472 374 2505 23.
419 2463 565 2496 Videtur
583 2464 720 2497 Alcetas
738 2476 811 2498 esse
831 2465 927 2508 Epiri
944 2465 994 2497 ve]

321 2507 559 2542 Molossmum
585 2521 656 2548 rex,
675 2522 758 2543 31115
779 2510 996 2554 Olympiadis

321 2554 406 2604 ejus,
444 2566 530 2598 quae
564 2555 802 2589 Alexandrum
845 2556 896 2588 Μ.
938 2568 996 2599 90-

321 2599 418 2641 perit.

274 2643 470 2678 Χ1011113ᾶο5
504 2646 539 2678 in
569 2648 766 2690 exemplum
794 2647 998 2690 proponitur

322 2689 471 2723 hominis
494 2692 686 2731 insolentis,
708 2693 768 2725 sed
795 2693 916 2725 merito
933 2704 997 2736 pu-

321 2735 383 2767 niti
409 2747 520 2780 neque
542 2749 561 2770 a
584 2739 719 2782 magnis
740 2738 806 2771 illis
830 2739 998 2771 sublevati

323 2781 463 2821 meritis,
498 2783 625 2826 quibus
656 2784 799 2827 patriam
842 2784 906 2817 sibi
941 2783 998 2816 de-

323 2825 477 2860 xinxerat
511 2828 589 2869 561,
618 2838 649 2871 5.
688 2830 761 2873 ejus
794 2840 856 2872 pro
890 2829 999 2873 patria

322 2873 473 2915 suscepti
506 2873 639 2906 labores
671 2867 783 2907 bellici
810 2875 903 2918 apud
937 2874 997 2907 Sa-

322 2926 419 2948 mum
453 2924 485 2950 et
516 2918 608 2951 dorni
641 2920 676 2952 in
714 2920 804 2953 bello
830 2887 999 2953 lDecelico

743 125 910 160 INDEX
942 124 1271 161 HISTORICUS.

1088 226 1166 269 561,
1187 237 1241 267 24.
1287 225 1495 269 Exemplum
1522 226 1595 270 ejus
1621 226 1763 259 affertur

1088 284 1121 315 p.
1141 282 1238 313 1414,
1259 280 1325 315 27.,
1345 283 1413 315 quo
1432 271 1595 305 doceatur
1611 272 1763 305 indolem

1088 329 1107 350 a
1132 323 1255 350 natura
1281 317 1447 350 tributam
1473 318 1630 361 quamvis
1654 319 1764 350 excel-

1088 364 1225 402 lentem,
1252 362 1313 396 ubi
1341 363 1447 395 literis
1481 368 1513 396 et
1546 363 1765 406 philosophia

1088 409 1204 442 minus
1230 409 1366 442 exculta
1391 409 1504 448 suerit,
1522 408 1655 442 homini
1676 409 1766 442 civili

1088 460 1120 487 et
1138 455 1219 498 reip.
1238 466 1361 498 parum
1379 454 1554 498 prodesse.

1042 500 1277 540 Alcimachus,
1294 505 1464 544 strategus
1483 509 1580 544 1154,
1598 511 1649 544 13.
1666 500 1765 544 1163,

1093 557 1122 579 1.

1043 591 1260 625 Alcisthenes
1289 592 1404 624 statim
1434 597 1512 635 post
1537 592 1677 625 Astium
1703 592 1767 625 fuit

1091 637 1232 670 Archon
1251 638 1339 671 circa
1358 637 1498 682 Olymp.
1515 648 1590 671 101.
1621 649 1718 682 1193,
1734 646 1765 679 5.

1095 694 1193 722 1202,
1211 692 1240 727 7.
1265 692 1362 727 1357,
1378 682 1409 716 6.

1044 729 1309 762 Alcmaeonidae
1336 729 1464 772 populo
1478 728 1656 762 studentes
1674 741 1693 762 a
1710 729 1767 762 Pi-

1092 775 1274 808 sistratidis
1296 776 1514 818 expelluntur
1533 775 1690 815 Athenis,
1709 787 1766 808 ve-

1091 833 1169 853 rum
1187 821 1342 864 pecuniis
1358 821 1497 853 subnixi
1509 833 1526 853 e
1539 821 1667 864 templo
1683 821 1765 854 Del-

1091 867 1192 910 phico
1218 873 1342 899 mutuo
1373 867 1495 899 sumtis
1525 872 1557 899 et
1590 872 1766 900 contracto

1091 913 1239 945 exercitu
1260 912 1402 945 domum
1422 912 1567 945 iedeunt
1584 918 1765 956 tyrannos-

1092 971 1157 1002 que
1175 958 1325 991 1101551111
1344 958 1483 1002 ejiciunt
1501 958 1651 1010 561315.

1045 1004 1240 1037 Alexander
1260 1004 1348 1036 inter
1367 1004 1514 1047 Philippi
1532 1004 1690 1048 maioreS,
1709 1004 1767 1049 qui

1091 1062 1209 1093 pacem
1228 1050 1456 1082 Athenienses
1470 1050 1558 1082 inter
1571 1056 1603 1082 et
1617 1049 1767 1082 Xerxem

1092 1096 1272 1129 conciliare
1290 1095 1451 1128 studebat
1469 1095 1523 1134 68,
1546 1106 1598 1136 14.
1634 1096 1767 1139 primus

1093 1141 1320 1185 Amphipolin
1348 1141 1529 1184 occupavit
1552 1147 1583 1174 et
1608 1153 1625 1174 e
1647 1142 1767 1174 Persa—

1093 1199 1171 1220 rum
1202 1187 1248 1220 ibi
1277 1193 1455 1230 captorum
1486 1187 1603 1230 pretiis
1629 1199 1768 1220 auream

1094 1239 1243 1266 statuam
1263 1232 1408 1276 Delphis
1428 1232 1596 1266 dedicavit
1614 1232 1689 1274 164,
1703 1244 1756 1266 20.

1048 1279 1255 1318 Alexander,
1275 1278 1448 1311 Pheraeus
1466 1284 1645 1322 tyrannus,
1661 1279 1768 1311 Athe-

1093 1325 1272 1357 niensibus
1299 1324 1375 1357 ideo
1398 1324 1462 1357 fuit
1485 1330 1657 1368 acceptus,
1676 1324 1769 1368 quod

1094 1370 1269 1403 Thebanis
1310 1370 1455 1403 infestus
1497 1376 1597 1409 esset,
1633 1370 1767 1410 deinde,

1095 1429 1175 1449 cum
1217 1416 1345 1449 saevire
1393 1416 1567 1460 inciperet,
1609 1428 1627 1449 a
1669 1416 1768 1449 sociis

1095 1462 1366 1495 Atheniensibus
1385 1461 1540 1495 desertus
1559 1462 1636 1501 660,
1655 1473 1687 1505 3.

1049 1508 1245 1541 Alexander
1262 1508 1383 1552 aliquis
1404 1508 1513 1551 pirata
1530 1507 1608 1552 674,
1631 1519 1682 1541 12.
1702 1519 1771 1552 quo

1094 1555 1170 1587 loco
1214 1554 1403 1586 Pheraeum
1447 1554 1619 1598 designari
1662 1554 1769 1587 Wolf.

1095 1600 1252 1643 conjecit.

1049 1645 1256 1684 Χ1013111101,
1282 1645 1385 1678 ῐ1η3101
1411 1645 1572 1689 Ρ11111991,
1600 1645 1641 1678 ab
1663 1645 1770 1689 Apol-

1095 1691 1242 1735 lophane
1278 1691 1440 1735 Pydnaeo
1482 1697 1655 1735 pe1emtus
1689 1702 1769 1732 402,

1100 1748 1150 1770 11.

1049 1782 1255 1834 Alexander,
1291 1782 1452 1825 κηδεστης
1489 1782 1649 1826 Philippi,
1683 1783 1718 1815 h.
1743 1795 1769 1816 e.

1095 1829 1194 1872 cujus
1222 1839 1319 1861 soror
1346 1828 1527 1879 Olympias
1555 1840 1659 1872 penes
1690 1829 1771 1862 Phi-

1094 1875 1229 1918 lippum
1258 1874 1293 1907 in
1320 1874 1540 1907 matrimonio
1569 1881 1651 1913 erat,
1680 1874 1771 1908 filius

1096 1920 1327 1963 Neoptolemi,
1361 1920 1450 1964 regis
1486 1920 1590 1963 Epiri,
1625 1926 1658 1953 et
1698 1921 1772 1964 ipse

1095 1965 1251 2010 ejusdem
1281 1977 1338 1998 rex
1366 1977 1386 1998 a
1398 1947 1573 2009 ξῬ11111990
1600 1972 1678 2009 post
1711 1978 1770 2009 pa-

1094 2017 1182 2044 trem
1215 2011 1347 2050 factus3
1390 2018 1486 2055 pater
1518 2012 1591 2055 ejus
1627 2011 1771 2055 Cleopa-

1095 2063 1176 2096 trae,
1196 2058 1298 2101 (quae
1323 2057 1365 2090 ab
1390 2057 1560 2090 Aeschine
1586 2069 1619 2100 p.
1639 2058 1694 2095 88,
1716 2068 1771 2101 23.

1095 2104 1400 2145 commemoratur)
1441 2104 1497 2144 84,
1533 2112 1587 2146 25.
1637 2103 1774 2136 videtur

1095 2148 1187 2181 idem
1213 2160 1286 2181 esse
1315 2160 1395 2181 cum
1420 2160 1459 2181 eo
1485 2147 1694 2188 Alexandro,
1713 2149 1772 2193 qui

1095 2206 1128 2237 p.
1152 2203 1250 2237 1207,
1273 2202 1324 2237 17.
1356 2200 1388 2227 et
1418 2206 1450 2237 p.
1474 2204 1572 2237 1230,
1595 2203 1647 2237 15.
1678 2205 1772 2226 com-

1095 2244 1317 2277 memoratur,
1345 2240 1405 2272 ubi
1431 2239 1556 2272 dicitur
1582 2239 1771 2272 Athenien-

1096 2296 1149 2317 ses
1191 2284 1320 2327 proelio
1354 2285 1465 2317 navali
1497 2285 1640 2317 vicisse:
1678 2284 1771 2317 unde

1097 2330 1221 2373 colligo
1244 2330 1456 2372 praefectum
1474 2342 1552 2363 eum
1571 2331 1671 2363 classi
1691 2330 1771 2363 Phi-

1096 2375 1180 2418 lippi
1198 2375 1316 2408 fuisse.
1350 2374 1436 2419 [Hic
1454 2375 1545 2408 idem
1563 2381 1664 2419 atque
1684 2375 1771 2409 Phe-

1097 2432 1196 2453 raeus
1215 2432 1290 2453 esse
1307 2421 1443 2453 videtur
1460 2421 1619 2466 Wolfio]

1052 2466 1258 2504 Alexander,
1270 2467 1375 2509 vulgo
1391 2466 1544 2510 Magnus
1556 2466 1680 2506 dictus,
1694 2466 1775 2500 Phi-

1097 2512 1179 2562 lippi
1207 2523 1247 2544 ex
1277 2511 1484 2556 Olympiade
1511 2512 1613 2552 filius,
1641 2513 1774 2546 Messe-

1097 2569 1162 2590 nns
1196 2565 1361 2601 tyrannos
1402 2558 1568 2601 imposuit
1602 2557 1774 2591 Philiadae

1098 2603 1185 2635 filios
1211 2603 1252 2636 ab
1274 2603 1392 2636 exsilio
1418 2609 1594 2637 revocatos
1622 2614 1698 2642 212,
1719 2603 1773 2636 26.

1097 2648 1235 2681 Thebas
1265 2649 1383 2681 evertit
1407 2648 1485 2688 618,
1505 2660 1559 2682 20.
1599 2661 1675 2682 acer
1701 2649 1774 2693 ejus

1099 2694 1247 2727 animus.
1267 2694 1446 2734 industria,
1466 2694 1630 2728 sedulitas
1654 2694 1774 2727 lauda-

1098 2745 1156 2771 tur
1177 2739 1275 2780 1466,
1294 2740 1327 2773 8.
1362 2752 1430 2784 quo
1447 2741 1523 2773 loco
1537 2740 1639 2773 etiam
1657 2739 1698 2773 de
1722 2740 1773 2783 ip-

1099 2784 1170 2817 sius
1188 2791 1299 2818 morte
1317 2785 1541 2829 significatur.
1591 2785 1775 2818 Intercedit

1099 2841 1161 2873 pro
1189 2830 1347 2870 Lachete,
1376 2831 1552 2874 Melanopi
1579 2830 1648 2864 filio
1677 2831 1774 2872 1480,

1103 2886 1155 2908 12.
1170 2881 1203 2908 et
1222 2875 1276 2908 26.

1053 2921 1174 2964 Alope,
1204 2927 1314 2954 mater
1344 2921 1628 2965 Hippothoontis,
1662 2920 1774 2953 herois
