1935 3200
337 148 450 187 1258
609 147 671 186 IN
703 146 1007 187 EUERGUM
1041 147 1115 186 ET
1150 147 1572 188 MNESIBULUM.

341 252 395 292 V.
418 267 457 306 p.
478 266 597 304 1140,
618 264 682 305 17.
744 254 865 303 Κηδαὶ
891 254 1048 307 [Κηδοὶ]
1072 258 1214 294 autem
1244 259 1336 295 erat
1367 255 1511 295 demus
1537 255 1844 295 Erechtheidis.

339 310 399 348 Et
440 308 632 348 videntur
676 309 717 348 hi
763 310 990 350 adversarii
1036 311 1242 351 arbitrum
1288 325 1310 351 e
1356 326 1431 351 sua
1472 311 1585 351 tribu
1630 311 1841 365 delegisse.

339 365 541 404 REISK.
605 365 749 405 Tribui
785 366 930 419 cuique
966 367 1028 406 sui
1063 372 1185 407 erant
1219 366 1375 420 proprii
1409 372 1451 408 et
1484 367 1586 407 certi
1621 367 1770 407 arbitri
1802 372 1845 408 et

337 421 428 460 loca
449 421 502 460 ad
524 435 590 460 res
612 422 819 476 agendum
851 422 899 462 iis
921 422 1147 476 assignata.
1181 423 1372 462 REISK.
1396 423 1436 462 in
1461 423 1552 464 Ind.
1577 438 1608 463 s.
1624 438 1660 463 v.
1684 427 1844 464 διαιτᾶν.

338 476 537 516 Diversae
573 478 624 517 de
656 478 734 517 hoc
767 479 855 518 loco
891 484 988 518 sunt
1021 479 1254 519 sententiae
1292 479 1441 519 Meieri
1473 479 1515 519 in
1546 483 1765 520 comment.
1794 480 1845 519 de

338 533 534 573 diaetetis
565 549 604 587 p.
636 545 700 588 25.
733 540 776 574 et
809 534 1083 575 Schoemanni
1120 535 1161 574 in
1194 535 1446 575 Schneidew.
1481 535 1628 575 Philol.
1646 535 1723 575 vol.
1744 549 1778 575 1.
1805 550 1831 589 p

339 599 445 642 730..
484 604 586 642 quas
631 590 883 631 examinavit
915 591 1263 631 Westermannus
1304 591 1345 630 in
1386 591 1508 631 Actis
1550 592 1701 632 Societ.
1736 591 1843 632 liter

338 645 490 685 Saxon.
508 646 586 685 vol.
608 660 644 685 1.
666 661 703 699 p.
727 661 811 697 440
832 662 944 700 seqq.
996 647 1128 688 Recte
1150 647 1356 688 Reiskius.
1409 648 1628 696 Tabulam,
1651 662 1757 702 quae
1784 648 1843 687 in-

336 701 467 741 dicem
491 705 690 752 διαιτητῶν
712 704 937 743 secundum
965 703 1101 743 tribus
1133 709 1175 744 et
1207 718 1336 758 pagos
1357 704 1632 758 compositum
1657 704 1842 753 exhibet,

335 772 356 796 e
378 757 514 811 lapide
536 759 665 798 edidit
691 759 897 799 Rossius
887 774 927 798 111
950 759 1056 799 libro
1078 761 1129 800 de
1150 759 1280 799 demis
1302 775 1341 814 p.
1367 773 1430 799 21.

396 827 517 866 1142,
542 827 605 867 27.
637 820 713 855 τῶν
742 818 782 855 δὲ
812 818 995 856 τοιούτων
1019 816 1289 870 προκλησεων]
1325 816 1563 856 Genitivum
1597 815 1752 856 referas
1788 817 1844 856 ad

334 872 588 912 ἐπακούοντες
609 886 643 910 ν.
670 884 744 923 29:
778 877 826 912 ut
853 873 964 925 quod
995 872 1184 926 sequitur
1214 877 1289 912 τῶν
1317 873 1543 924 λεγομένων
1569 872 1759 912 additum
1788 872 1843 913 sit

331 932 637 969 πλεοναστικῶς.
679 927 932 968 SCHAEF.

398 995 518 1034 1142,
550 985 614 1023 28.
645 984 917 1040 προΐστανται]
963 986 1012 1024 F.
1040 983 1316 1035 περιίστανται.
1367 985 1410 1024 τὸ
1440 984 1703 1035 προιΐστασαι,
1735 991 1842 1025 ante-

332 1045 447 1087 stare.
471 1053 663 1093 praeesse.
693 1055 773 1080 11011
800 1041 917 1080 video
943 1040 1041 1094 quid
1075 1040 1141 1080 hic
1173 1041 1250 1080 loci
1283 1041 1438 1081 habere
1467 1040 1612 1094 possit.
1650 1041 1841 1081 WOLF.

331 1097 587 1146 παρίστανται
622 1097 777 1136 mavult
809 1097 1037 1137 Palmerius
1070 1096 1303 1137 Exercitat.
1330 1112 1370 1150 p.
1399 1099 1493 1146 644.
1569 1096 1648 1137 Est
1682 1096 1723 1136 id
1755 1097 1842 1151 qui-

332 1152 425 1191 dem
454 1152 686 1192 sententiae
707 1153 745 1191 h.
768 1153 793 1192 l.
817 1153 1149 1193 convenientius:
1182 1153 1281 1193 item
1308 1155 1600 1221 προσίστανται.
1663 1154 1744 1193 Sed
1772 1154 1842 1194 ob-

332 1212 419 1247 stat
447 1208 613 1262 utlique
639 1210 903 1262 conjecturae
931 1209 1137 1264 genitivus
1165 1209 1428 1263 praemissus,
1450 1213 1526 1248 τῶν
1548 1211 1729 1249 τοιούτων
1749 1227 1841 1261 προ-

332 1263 522 1313 κλησεων,
546 1264 613 1317 qui
646 1270 838 1305 constare
870 1281 964 1306 cum
995 1267 1252 1317 παρίστανται
1277 1270 1352 1306 aut
1379 1267 1658 1317 προσίστανται
1682 1266 1839 1319 nequit.

1569 1330 1595 1351 (Τ

332 1352 471 1403 Quare
493 1354 663 1408 vulgata
684 1354 848 1394 videtui
876 1355 1078 1395 servanda
1109 1369 1210 1394 esse.
1248 1353 1442 1394 REISK.
1504 1371 1757 1405 προιστανται
1788 1354 1837 1406 Q.

329 1426 547 1460 προσισται
551 1427 612 1449 ται
634 1410 737 1450 satis
758 1411 812 1465 pl
802 1417 908 1451 teet.
956 1412 1018 1451 S(
1013 1411 1209 1450 HAEF.

390 1479 509 1520 1143,
536 1478 571 1505 2.
595 1467 643 1508 ὡς
664 1468 966 1521 ἐγὼ-κελεύοι]
1000 1467 1053 1507 V
1079 1480 1258 1520 Ῑ).1140,
1284 1477 1348 1521 25.
1392 1466 1641 1507 SCHAEF.

391 1536 402 1560 1
421 1536 510 1575 143,
536 1535 599 1568 24.
624 1523 728 1563 Post
749 1528 987 1574 παραὸουναι
1008 1529 1189 1578 ponatur
1208 1529 1421 1577 punctum.

390 1592 510 1629 1144,
536 1581 599 1618 28.
622 1580 887 1631 ψηφισμάτων
910 1581 1072 1619 ὃὲ-και
1092 1580 1258 1633 βουλῆς]
1296 1579 1412 1619 Idem
1432 1585 1498 1620 est
1518 1594 1566 1619 ac
1587 1579 1621 1618 si
1644 1579 1836 1620 dixisset:

330 1635 592 1684 ἐπιταξάντων
619 1639 659 1674 δὲ
687 1640 762 1675 τῶι·
785 1653 824 1675 τε
852 1640 918 1675 τοῦ
949 1637 1133 1686 ὑμετέρου
1158 1636 1276 1685 ὃημου
1302 1636 1567 1687 ψηφισμάτων
1588 1636 1650 1676 καὶ
1678 1639 1753 1676 τῶν
1773 1639 1839 1686 τῆς

327 1691 512 1741 ὑμετέρας
532 1694 693 1740 βουλῆς.
725 1691 917 1731 REISK.
980 1692 1127 1732 Vestris
1138 1692 1284 1745 populi
1302 1699 1529 1745 senatusque
1541 1692 1836 1745 psephismatis.

329 1746 581 1786 SOHAEF.

390 1814 512 1856 1145,
539 1816 579 1855 3.
610 1803 767 1855 ἔτυχεν]
806 1803 969 1843 Accidit
1003 1810 1060 1852 ut,
1094 1804 1189 1843 dum
1224 1804 1400 1843 triremes
1434 1804 1478 1843 in
1512 1817 1551 1842 eo
1584 1811 1708 1851 erant.
1742 1810 1785 1844 ιιτ
1819 1819 1838 1844 e

319 1865 443 1912 portu
463 1858 662 1908 solverent,
683 1859 801 1899 etiam
821 1860 957 1913 copiae
977 1860 1150 1899 celeriter
1170 1860 1451 1900 mm'tterentur.
1498 1859 1552 1899 V.
1571 1874 1610 1913 p.
1629 1873 1644 1899 1
1657 1871 1748 1911 147,
1769 1873 1834 1914 23.

327 1914 578 1955 SOHAEF.

388 1985 507 2023 1145,
530 1985 569 2024 5.
591 1976 673 2013 ταῖς
697 1973 852 2024 ναυσὶν]
889 1971 1072 2012 Navibus
1101 1972 1303 2011 onerariis
1333 1986 1405 2011 seu
1435 1971 1705 2020 mercatoriis‚
1729 1986 1835 2025 quae

327 2027 368 2065 in
389 2033 514 2080 portu
536 2028 784 2068 Atheniensi
806 2032 895 2067 tum
916 2029 1104 2075 aderant,
1127 2028 1367 2068 triremibus
1388 2041 1459 2067 seu
1485 2028 1657 2068 navibus
1677 2028 1835 2068 bellicis

326 2083 580 2124 absentibus.
646 2084 821 2124 Necesse
854 2084 961 2124 6111111
993 2089 1096 2132 erat,
1119 2085 1290 2124 absente
1312 2084 1452 2131 classe⁷
1476 2083 1647 2123 navibus
1678 2098 1834 2124 merca-

327 2139 458 2185 toriis,
481 2154 586 2192 quae
607 2140 660 2179 ad
680 2155 846 2180 manum
870 2145 1020 2187 essent,
1044 2140 1197 2193 imponi
1227 2139 1474 2179 subitarium
1506 2140 1605 2178 illud
1636 2140 1833 2180 auxilium

327 2199 401 2233 aut
423 2195 542 2234 sociis
562 2195 813 2235 mittendum
835 2200 910 2235 aut
931 2196 1051 2235 classi
1074 2195 1416 2235 submittendum.
1458 2195 1651 2235 REISK.

388 2272 510 2315 1145,
532 2276 591 2315 13.
617 2262 880 2314 ἐπεκλήρωσε]
914 2262 1079 2302 Scilicet
1099 2267 1178 2303 τοῖς
1200 2261 1453 2312 εἰσπράξουσι
1473 2262 1562 2303 τοὺς
1582 2262 1830 2312 ὀφείλοντας.

327 2331 481 2363 eorum,
504 2332 607 2371 quos
627 2317 900 2371 magistratus
919 2317 1204 2357 constituisset
1224 2322 1440 2357 exactores
1464 2322 1831 2366 armamentorum,

326 2373 544 2426 unicuique
570 2388 644 2426 per
668 2378 822 2412 sortem
844 2373 1040 2413 attribuit
1070 2373 1342 2426 magistratus
1363 2387 1432 2412 eos
1454 2373 1674 2420 debitores.
1697 2389 1723 2413 a
1744 2374 1831 2427 qui-

324 2429 401 2468 bus
422 2434 663 2469 exactorum
685 2429 857 2483 quisque
879 2429 1020 2469 debita
1041 2434 1300 2469 armamenta
1320 2428 1518 2482 exigelet.
1561 2430 1753 2470 REISK.

383 2496 598 2549 παρέδωκε]
635 2495 832 2535 Exactori
854 2495 998 2548 cuique
1023 2495 1220 2535 tradita
1211 2510 1251 2534 m
1282 2496 1478 2535 schedula
1506 2496 1663 2550 selipta
1688 2511 1829 2536 60111111

325 2552 504 2602 nomina,
526 2567 551 2592 a
572 2551 719 2605 quibus
741 2551 887 2604 cuique
913 2566 961 2591 ea
988 2552 1192 2605 exigenda
1211 2556 1360 2591 essent.
1398 2552 1589 2592 REISK.
1650 2553 1760 2592 Ad'
1743 2570 1828 2592 επε-

326 2608 502 2658 κληρωσε
533 2613 575 2648 et
605 2607 801 2658 παρέδωκε
832 2608 1173 2656 subaudiendum.
1201 2608 1359 2661 opinor.
1389 2609 1498 2661 quod
1522 2608 1702 2648 Wolfius
1731 2608 1828 2648 addi

324 2664 500 2711 volebat,
530 2669 608 2706 τοῖς
642 2668 713 2703 τῶν
744 2665 911 2714 νεωρίων
941 2665 1199 2714 ἐπιμεληταῖς.
1241 2664 1489 2704 SCHAEF.
1554 2664 1617 2704 De
1650 2666 1827 2714 ἐπιμελη-

323 2725 405 2762 ταῖς
426 2724 501 2759 τῶν
523 2724 742 2770 συμμοριῶν
759 2735 792 2759 v.
816 2720 868 2760 ad
891 2735 930 2773 p.
954 2722 1018 2768 26,
1043 2732 1107 2760 22.
1140 2720 1322 2760 Boeckh.
1346 2720 1497 2760 Oecon.
1516 2721 1592 2760 vol.
1613 2733 1649 2759 2.
1671 2735 1710 2773 p.
1732 2733 1823 2774 103.

325 2776 532 2816 Pari‘eidt.
556 2777 717 2830 Proleg.
740 2776 792 2816 ad
815 2781 918 2816 orat.
943 2777 1028 2824 περὶ
1051 2781 1270 2827 συμμοριῶν
1291 2791 1329 2830 p.
1355 2777 1421 2830 36.

384 2857 502 2896 1145,
530 2857 592 2897 15.
624 2846 644 2883 ὁ
676 2846 716 2882 δὲ
749 2845 862 2894 νόμος
893 2845 912 2882 ὁ
943 2848 1010 2883 τοῦ
1043 2842 1302 2896 Περιάνδρου]
1339 2843 1391 2882 V.
1414 2843 1540 2883 lvolf.
1577 2842 1739 2896 proleg.
1771 2843 1825 2883 ad

324 2899 486 2952 Leptin.
510 2914 549 2952 p.
575 2912 661 2953 105.

383 2969 395 2994 1
416 2957 575 3008 145,16.
600 2954 678 2995 καθ’
695 2955 1112 3008 ὃν-ῌσννετάχθησαν]
1141 2955 1256 2995 Haec
1279 2956 1402 2996 verba
1428 2955 1547 3008 vulgo
1568 2954 1704 3009 posita
1726 2959 1822 2994 sunt
