1935 3200
283 132 401 172 1370
840 129 901 167 IN
934 128 1245 168 NEAERAM.

278 234 434 286 ,φίιηίονκ
495 234 622 272 Forte
653 232 710 272 810
738 231 1047 271 rescribendum
1068 235 1157 271 est:
1192 231 1359 282 νεωτέρα
1389 232 1429 271 δὲ
1461 232 1573 278 οὖσα,
1596 231 1697 270 ὥστε
1727 249 1794 281 μη-

290 290 391 329 δέπω
425 289 494 338 τὴν
529 289 681 338 ἡλικίαι)
714 289 806 342 αὐτῇ
838 291 1030 338 παρεῖναι.
1092 286 1306 326 Excidisse
1341 290 1508 340 poterat
1548 287 1657 326 istud
1693 287 1795 326 ὥστε

290 349 462 398 propter
492 343 800 383 similitudinem
834 342 1121 396 praecedentis
1155 343 1254 381 οὖσα
1286 347 1329 382 et
1364 345 1425 382 διὰ
1457 342 1621 382 videtur
1652 356 1741 381 esse
1770 357 1796 381 a

289 414 414 439 manu
436 399 728 439 emendatrice.
750 399 947 438 JURIN.
993 399 1122 448 ἡλικία
1143 397 1307 437 videtur
1328 398 1367 437 h.
1389 398 1414 438 l.
1432 398 1590 450 justam
1612 397 1796 450 corporis

290 460 498 495 staturam
519 459 562 494 et
582 454 876 508 proceritatem
898 454 1142 507 significare.
1175 453 1370 494 REISK.
1432 453 1618 493 Fallitur.
1670 454 1722 492 V.
1752 468 1791 506 p.

294 525 415 564 1351,
447 525 505 553 ¹2.
541 511 724 563 Toupius
747 511 895 563 Opusc.
919 511 996 550 vol.
1023 524 1058 549 1.
1090 524 1129 562 p.
1151 511 1271 563 556:
1307 515 1330 531 ‘·‘
1347 510 1471 549 Hunc
1501 509 1635 549 locum
1660 508 1796 548 minus

289 571 550 620 perspectum
572 566 732 614 habuit,
751 571 798 606 ut
814 566 915 605 alios
936 570 1113 612 taceam,
1132 565 1394 604 doctissimus
1411 565 1440 604 J
1444 564 1598 604 urinus.
1634 565 1795 604 Graeca

290 623 351 662 ita
379 623 578 662 vertenda
609 627 733 662 sunt:
770 621 1043 661 Comse'tabatm·
1073 635 1136 660 eas
1168 621 1287 660 etlam»
1318 622 1492 668 Neaera,
1519 621 1610 673 jam
1640 620 1797 673 quidem

288 678 446 731 mal-clato
471 692 640 731 corpore,
662 678 732 717 sed
764 692 845 717 non
877 678 938 717 ita
958 677 1041 724 diu,
1063 677 1160 730 quia
1181 683 1307 716 aetate
1328 676 1501 716 nondam
1523 676 1677 729 iozz‘eqra
1698 682 1795 715 erat.

291 734 460 784 νεωτέρα
492 735 604 779 οὖσα,
637 734 764 785 newly
789 740 843 773 set
873 748 938 786 up.
993 733 1083 773 Ista
1112 737 1176 772 est
1203 733 1262 771 vis
1287 736 1354 772 τοῦ
1381 733 1481 774 υέος.
1544 731 1663 782 Quod
1688 731 1796 771 viros

291 789 553 829 doctissimos
570 789 753 829 fefellit.”
814 789 961 828 Malim
980 788 1036 828 sic
1053 792 1215 828 vertere
1233 804 1240 827 :
1268 788 1359 840 jam
1380 802 1527 827 merens
1548 787 1621 827 illa
1642 787 1797 841 quidem

290 859 463 897 corpore,
501 845 567 884 sed
593 844 737 897 junior
773 845 996 896 (tenerioris
1031 844 1192 894 aetatis)
1234 858 1353 896 quam
1389 858 1467 898 pro
1506 843 1582 882 tali
1621 849 1795 895 quaestu,

290 901 434 953 quippe
450 900 624 939 nondum
643 901 740 939 satis
756 906 919 939 matura
940 900 1036 939 viro.
1062 898 1308 939 SGHAEF.
1341 899 1605 938 Probabilior
1628 898 1796 951 Sauppii

291 955 499 995 sententia
520 960 585 994 est
606 956 731 994 verba
752 958 812 994 διὰ
834 955 876 994 τὸ
897 955 1007 1004 μήπω
1029 955 1098 1003 τὴν
1114 955 1266 1003 Υἡλικίαν
1283 955 1375 1009 αὐτῇ
1397 958 1575 1005 παρεῖναι
1597 953 1783 993 delentis.

354 1022 471 1063 1352,
495 1013 556 1049 16.
580 1012 848 1060 Φιλόστρατος
871 1010 1099 1062 Διονυσίου]
1129 1010 1194 1048 De
1217 1010 1293 1049 hoc
1315 1010 1471 1049 (lictum
1492 1010 1545 1049 ad
1566 1024 1605 1062 p.
1627 1019 1723 1063 535,
1743 1010 1780 1048 8.

354 1077 470 1120 1352,
496 1079 560 1107 22.
593 1067 728 1120 Σῖμος]
754 1066 851 1104 Fuit
872 1080 921 1104 ex
944 1065 1155 1104 Aleuadis.
1212 1065 1264 1104 V.
1293 1065 1606 1117 Harpocration
1636 1079 1665 1103 8.
1689 1066 1729 1104 h.
1755 1080 1791 1104 v.

291 1121 398 1160 Nam
420 1122 595 1160 eundem
612 1121 678 1159 hic
701 1120 1012 1160 commemorari
1038 1120 1245 1160 hominem
1266 1121 1336 1160 vix
1365 1120 1544 1160 dubites.
1580 1120 1795 1160 SCHAE-

291 1177 421 1215 FER.

350 1244 468 1286 1352,
494 1244 558 1281 27.
592 1234 641 1273 ὡς
663 1233 711 1271 ἂν
734 1234 866 1283 ἑταίρα
888 1233 1005 1285 οὖσα]
1038 1231 1222 1272 Subaudi
1246 1231 1429 1271 συνέπινε
1456 1232 1518 1271 καὶ
1539 1232 1793 1271 συνεδείπνει.

288 1292 333 1326 ut
352 1288 539 1327 meretrix
558 1288 697 1340 fimare
725 1288 868 1328 soleat:
901 1289 970 1341 qm'
991 1302 1069 1327 mos
1089 1294 1142 1327 est
1162 1287 1392 1326 merem-ficis.
1457 1287 1572 1327 Infra
1602 1301 1643 1340 p.
1672 1297 1793 1341 1353,

293 1356 356 1382 10.
389 1345 439 1384 ὡς
470 1345 626 1394 ἑταίραν
657 1345 792 1383 οὖσαν.
854 1344 1038 1394 Quorum
1063 1344 1282 1383 verborum
1303 1342 1384 1382 alia
1404 1343 1464 1382 vis
1485 1347 1561 1382 est.
1616 1342 1794 1382 Verten-

289 1399 386 1437 dum
409 1399 540 1438 enim:
573 1405 616 1437 m
637 1413 737 1451 quae
756 1405 844 1438 esset
864 1400 1058 1438 meretre'ae.
1095 1397 1340 1438 SOHAEF.

351 1464 469 1508 1353,
493 1468 530 1508 3.
570 1455 791 1504 Εὐφίλητος
828 1456 1000 1504 Σίμωνος
1035 1453 1245 1504 Αἰξωνεὺς]
1287 1452 1536 1504 Δημοκράτης
1570 1452 1793 1504 Εὐφιλήτου

289 1509 484 1558 Αἰξωνεύς
505 1509 546 1548 111
568 1510 689 1549 111801.
711 1525 777 1563 ap.
804 1510 985 1549 Boeckh.
1012 1510 1135 1563 Corp.
1165 1509 1297 1548 Inscr.
1322 1509 1399 1548 vol.
1428 1523 1459 1548 1.
1488 1524 1527 1562 p.
1551 1521 1648 1563 309.
1671 1523 1792 1562 quem

289 1565 557 1618 Euphiletum
581 1566 755 1604 eundem
777 1580 866 1604 esse
889 1580 1008 1617 posse
1029 1569 1171 1605 monet
1193 1564 1439 1604 Boeckhius.

350 1632 470 1673 1353,
499 1632 562 1673 15.
596 1621 829 1674 Ἵππαρχος]
866 1621 981 1661 Citat
1021 1621 1059 1660 h.
1096 1621 1120 1659 l.
1159 1620 1471 1673 Harpocration
1500 1635 1536 1659 v.
1562 1619 1792 1671 Ἵππαρχος.

289 1676 323 1714 R
333 1677 488 1716 ElsK.

350 1745 471 1785 1353,
493 1732 549 1771 18.
574 1734 637 1771 ὅτε
654 1735 726 1783 γὰρ
748 1732 1144 1785 Λακεδαιμοι*ίους-]
1166 1732 1217 1770 V.
1239 1731 1409 1771 Diodor.
1431 1744 1492 1784 15,
1508 1733 1573 1771 62.
1598 1731 1790 1770 REISK.

352 1800 398 1840 13
403 1798 469 1840 53,
495 1800 560 1840 23.
595 1789 656 1827 καὶ
687 1790 805 1836 οὔσης
836 1789 935 1840 αὐτῷ
969 1787 1164 1840 ἀτελείας]
1199 1787 1586 1827 Commemorantur
1612 1786 1677 1825 hic
1704 1790 1791 1826 tres

289 1857 459 1882 caussae
481 1848 547 1882 sat
567 1858 714 1896 graves
744 1843 1075 1896 probabilesun
1098 1857 1171 1881 cur
1193 1843 1445 1882 Xenoclides
1467 1841 1716 1882 existimarit
1737 1843 1791 1881 ab

288 1898 366 1937 hae
399 1899 660 1951 expeditione
696 1899 771 1938 sibi
805 1899 1049 1938 cessandum
1083 1912 1194 1938 esse:
1232 1912 1265 1937 1.
1290 1899 1400 1950 quod
1436 1898 1491 1937 illi
1525 1897 1789 1950 expeditioni,

288 1968 380 1992 cum
413 1954 548 1993 adhuc
585 1954 882 1994 deliberatione
917 1954 1161 2007 agitaretur,
1198 1954 1441 1993 adversatus
1474 1958 1583 1992 esset
1619 1966 1791 2005 eamque

288 2009 577 2055 dissuasisset3
614 2010 783 2062 2.(111011
814 2024 888 2062 per
917 2010 1099 2049 muneris
1130 2008 1191 2048 sui
1224 2009 1393 2061 negotia
1420 2024 1471 2048 ne
1501 2022 1683 2047 mensem
1704 2007 1792 2061 qui-

289 2064 382 2103 dem
404 2065 505 2103 urbe.
526 2065 670 2104 abesse
691 2070 842 2118 posset„
862 2065 1014 2118 quippe
1031 2065 1098 2117 qui
1122 2064 1298 2117 vectigal
1318 2064 1514 2104 frumenti
1534 2063 1790 2109 redemisset,
1827 2088 1830 2091 ·

289 2120 399 2171 quod
430 2121 683 2159 frumentum
713 2135 734 2160 e
762 2121 912 2167 Ponto,
945 2120 1082 2159 sicilia
1113 2124 1156 2160 et
1186 2120 1381 2173 Aegypto
1407 2120 1447 2158 iu
1482 2124 1647 2172 portum
1679 2118 1790 2158 Atti-

289 2188 380 2212 cum
413 2175 707 2214 invehebatur:
742 2176 922 2215 debebat
943 2180 1083 2215 autem
1105 2176 1182 2214 hoe
1206 2175 1380 2228 vectigal
1411 2174 1633 2214 menstruis
1662 2174 1789 2213 ferme

288 2229 547 2281 portionibus
577 2245 651 2282 per
680 2230 907 2283 prytanias„
931 2231 968 2269 h.
993 2245 1027 2269 e.
1061 2245 1166 2269 nova
1191 2244 1355 2282 quaque
1385 2229 1578 2282 prytania
1608 2229 1787 2276 ineunte,

289 2284 490 2336 dependi3
525 2298 562 2337 3.
586 2286 695 2337 quod
716 2285 826 2338 leges
851 2285 1074 2324 redemtori
1106 2285 1227 2337 hujus
1248 2285 1457 2338 vectigalis
1479 2284 1734 2323 vacationem
1763 2299 1789 2324 a

287 2339 433 2378 militia
455 2340 616 2378 darent.
651 2340 831 2392 Propter
847 2341 923 2379 has
943 2345 1029 2379 tres
1051 2354 1217 2379 caussas
1239 2340 1379 2392 itaque
1401 2339 1657 2379 Xenoclides
1678 2339 1788 2378 domi

288 2399 511 2439 manserat.
530 2400 572 2434 et
593 2395 855 2433 nihilominus
876 2400 1015 2434 tamen
1036 2410 1061 2434 a
1085 2395 1298 2448 Stephano
1319 2400 1540 2434 accusatus
1561 2395 1788 2434 mulctatus

288 2454 363 2489 est.
399 2451 598 2488 REISK.
661 2450 772 2489 Vere
814 2450 1016 2495 Reiskius„
1054 2450 1131 2489 nisi
1168 2451 1275 2502 quod
1309 2465 1433 2503 quam
1471 2450 1646 2503 primam
1682 2449 1788 2489 dixit

289 2519 478 2544 caussam
501 2505 555 2544 810
577 2505 694 2544 finire
716 2506 882 2545 debuit:
916 2506 1025 2558 quod
1047 2505 1297 2558 expeditioni
1329 2506 1573 2545 adversatus
1595 2510 1718 2552 esset,
1741 2509 1788 2544 ut

288 2561 356 2612 qui
388 2561 561 2613 vectigal
588 2561 782 2600 frumenti
813 2560 927 2613 pacis
955 2565 1141 2613 tempore
1168 2561 1411 2600 redemisset
1442 2562 1517 2600 sub
1545 2560 1787 2599 conditioni-

288 2616 378 2662 bus⁷
405 2631 507 2668 quas
532 2616 681 2655 bellum
710 2620 945 2669 susceptum
970 2616 1148 2655 tolleret.
1211 2616 1378 2669 Alioqui
1411 2616 1453 2655 τὸ
1482 2618 1677 2655 ἀντειπεῖν
1704 2630 1786 2654 11011

287 2671 425 2723 potuit
444 2686 641 2710 excusare
662 2672 704 2710 τὸ
727 2672 795 2710 οὐκ
817 2673 1003 2719 ἐξελθεῖυ.
1037 2672 1238 2710 SCHAE
1248 2673 1293 2710 F.

350 2739 395 2778 13
401 2740 467 2778 53,
493 2727 555 2766 28.
587 2730 652 2775 τῆς
687 2728 915 2777 παρρησίας]
946 2727 1052 2765 Jure
1084 2726 1263 2779 loquendi
1292 2741 1422 2766 eoram
1452 2725 1609 2779 populo,
1637 2730 1784 2772 senam,

276 2781 492 2830 jndicibus.
528 2781 776 2821 SOHAEF.

351 2847 467 2888 1354,
485 2850 521 2889 3.
546 2835 682 2889 αὐτὸν]
708 2837 860 2884 Solum,
884 2836 969 2875 sine
992 2836 1236 2876 Xenoclide.
1260 2837 1452 2875 REISK.
1486 2836 1617 2874 Immo
1639 2836 1783 2888 ipsum.

290 2890 353 2929 De
376 2891 620 2932 Xenoclide.
646 2896 853 2932 testaturo
875 2892 953 2940 illo,
972 2891 1049 2930 nisi
1070 2891 1215 2931 fuisset·
1236 2893 1378 2941 ἄτιμος,
1399 2891 1677 2943 Apollodorus
1694 2904 1785 2929 nar-
