1935 3200
287 126 398 168 1398
753 125 975 165 ORATIO
1009 125 1324 167 FUNEBRIS.

287 233 481 270 ornatum
501 229 647 270 attulit
667 229 900 283 poeticum,
935 246 1057 285 quem
1077 231 1256 270 rusticus
1277 231 1400 270 homo
1422 231 1646 272 detrahens
1668 231 1790 271 simul

287 300 451 325 omnem
467 285 666 325 sermonis
686 286 869 340 gratiam
889 287 1058 327 sustulit
1078 292 1204 340 atque
1225 286 1488 340 elegantiam.

345 341 393 380 P.
413 354 531 394 1390.
553 343 614 381 Τὰ
633 342 706 392 μὲν
727 343 795 382 οὖν
812 345 866 384 εἰς
886 342 999 395 γένος
1020 342 1213 393 ἀνήκοντα
1231 346 1389 382 τοιαῦτα
1405 341 1449 382 δι’
1468 344 1606 385 αἰῶνος
1625 343 1793 395 ὑπάρχει

286 401 367 438 τοῖς
399 400 518 436 τῶνδε
554 401 628 437 τῶν
660 399 809 449 ἀνδρῶν
841 400 1061 451 προγόνοις.
1102 401 1150 438 τὰ
1186 398 1215 438 δ’
1251 400 1305 440 εἷς
1344 399 1562 450 ἀνδρείαν
1603 400 1675 438 καὶ
1714 399 1794 449 τὴν

288 454 439 501 ἄλλην
471 453 640 503 ἀρετην
671 470 702 493 κ.
725 471 757 493 τ.
775 459 814 493 λ.

346 508 507 548 Novam
538 508 646 548 viam
677 509 864 562 sophista
894 509 1086 563 persequi
1119 509 1316 558 instituit,
1349 510 1530 573 priorem
1562 524 1662 564 prae
1693 510 1795 550 obli-

287 563 406 604 vione
442 568 569 617 atque
609 565 961 605 inconsiderantia
1002 565 1300 618 delelinquens,
1338 580 1463 620 quam
1501 566 1588 619 ipse
1631 580 1795 619 quoque

289 619 517 660 suffuratus
547 624 624 669 est,
650 625 991 675 algumentomm
1022 621 1346 675 dispositionem.
1409 621 1577 662 Scilicet
1607 621 1795 675 triparti—

287 680 376 716 tam
396 676 520 716 modo
543 678 602 728 (§.
624 676 686 727 4.)
710 676 953 716 divisionem
975 692 1064 717 esse
1088 677 1230 726 voluit,
1254 692 1336 730 qua
1365 678 1543 731 primum
1565 681 1793 730 exponeret

291 732 341 771 de
361 746 527 785 genere,
550 736 639 772 tum
661 733 712 772 de
740 733 998 781 educatione,
1021 733 1197 786 denique
1225 734 1275 773 de
1306 734 1517 787 praeclare
1537 733 1659 773 factis
1688 747 1796 772 mor-

290 792 470 828 tuorum.
531 788 561 827 J
564 803 632 828 am
653 803 762 828 nunc
782 794 998 829 transacto
1020 790 1070 829 de
1096 803 1246 843 genere
1268 804 1455 830 sermone
1478 790 1528 830 de
1550 789 1796 829 educatione

291 858 342 883 ne
364 844 535 883 verbum
556 845 734 897 quidem,
758 845 830 885 sed
852 845 997 885 statim
1022 860 1065 885 se
1087 845 1293 885 convertit
1313 846 1367 885 ad
1389 846 1565 886 virtutes
1586 845 1796 885 celebran-

292 900 380 947 das,
404 915 578 953 quarum
609 901 723 954 prius
753 901 954 955 originem
975 901 1194 941 ostendere
1215 902 1407 942 debebat.
1468 902 1530 941 At
1550 901 1680 941 multo
1702 915 1797 940 con-

292 956 475 996 stantius
498 956 621 996 Plato
643 956 684 995 in
706 957 920 1010 proposito
942 957 1232 1011 perseveravit.

350 1012 397 1051 P.
425 1025 545 1066 1390.
574 1026 693 1065 13911
737 1013 934 1066 Sequitur
967 1018 1154 1053 veterum
1193 1013 1462 1052 historiarum
1494 1012 1719 1059 enarratio,
1753 1012 1796 1051 in

294 1067 443 1121 quibus
474 1068 713 1108 ordinandis
735 1083 807 1108 cur
827 1083 852 1108 a
873 1069 1077 1123 magistro
1099 1069 1276 1109 Platone
1298 1068 1553 1108 declamator
1574 1067 1797 1108 decesserit

292 1137 376 1163 non
411 1138 623 1176 assequor.
685 1124 877 1164 Totidem
913 1132 1014 1177 quot
1039 1124 1105 1164 ille
1136 1139 1275 1164 rerum
1309 1140 1334 1164 a
1368 1124 1594 1177 majoribus
1630 1123 1796 1177 egregie

292 1184 507 1233 gestarum
539 1180 638 1220 facit
665 1180 929 1227 mentionem,
963 1180 1033 1220 sed
1061 1180 1204 1220 ordine
1233 1180 1404 1220 mirifice
1426 1180 1598 1219 turbato
1628 1193 1676 1219 ac
1705 1193 1797 1233 per-

292 1249 424 1274 verso.
470 1235 613 1275 Primo
635 1235 743 1275 enim
763 1236 853 1276 loeo
876 1236 1147 1284 Amazonum,
1169 1237 1301 1276 altero
1323 1235 1516 1288 Eumolpi
1536 1235 1655 1288 ponit
1676 1248 1796 1288 expe-

292 1290 505 1335 ditionem,
527 1296 617 1331 tum
640 1291 959 1332 Heraclidarum
980 1293 1033 1332 ab
1056 1292 1292 1345 Eurystheo
1309 1291 1572 1345 expulsorum
1592 1290 1797 1330 reductio—

292 1360 400 1393 nem,
423 1347 599 1400 denique
619 1352 902 1401 expugnatam
922 1348 975 1387 ab
999 1347 1325 1388 Atheniensibus
1348 1347 1599 1401 Argivorum
1619 1360 1795 1386 comme-

292 1407 430 1442 morat
480 1403 749 1454 sepulturam.
814 1404 895 1443 Sed
946 1403 1195 1457 Eumolpum
1235 1402 1529 1450 Amazonibus,
1566 1402 1797 1442 Adrastum

293 1462 421 1511 atque
463 1458 701 1512 Polynicen]
742 1459 978 1512 Eurystheo
1021 1459 1236 1512 aliquanto
1275 1459 1401 1499 fuisse
1440 1458 1696 1511 antiquiores
1735 1458 1798 1498 vel

295 1528 398 1566 puel
400 1514 490 1553 ulus
531 1514 564 1553 si
601 1515 731 1568 ignox
721 1520 833 1555 asset
870 1515 1049 1555 Athenis
1086 1516 1335 1567 vapulasset,
1368 1515 1520 1554 nedum
1559 1519 1607 1554 ut
1642 1518 1797 1561 orator,

293 1570 411 1623 isque
433 1571 615 1610 omninm
636 1571 660 1609 f
653 1571 754 1610 10110
781 1571 973 1624 princeps
1002 1571 1043 1610 in
1071 1585 1209 1610 10111111
1237 1571 1333 1611 olim
1359 1575 1573 1625 gestarum
1600 1569 1799 1609 memoria

294 1626 619 1680 redintegranda
658 1626 740 1666 ima
780 1627 949 1666 summis
989 1627 1160 1666 miscele
1199 1627 1396 1680 potuerit.
1458 1626 1572 1677 Quae
1612 1625 1799 1678 quamvis

294 1681 765 1735 ‘tnthulssim‘tlibulai
768 1697 918 1735 umque
946 1683 1129 1722 tenebris
1160 1684 1342 1723 obducta
1362 1682 1526 1730 fuerint,
1549 1682 1610 1721 ita,
1639 1685 1687 1720 ut
1716 1695 1799 1720 non

296 1737 415 1777 facile
446 1738 537 1790 quis
565 1738 767 1778 mendacii
800 1743 1064 1792 coarguatur,
1097 1738 1166 1791 qui
1198 1739 1239 1777 in
1270 1739 1394 1778 aliam
1430 1738 1616 1777 discedat
1644 1736 1799 1790 opinio-

296 1807 402 1840 nem,
435 1798 655 1847 tantopere
686 1798 827 1834 tamen
862 1795 984 1847 hujus
1015 1794 1169 1834 aetatis
1202 1799 1389 1834 oratores
1421 1794 1502 1833 ista
1533 1792 1800 1845 antiquitatis

295 1854 564 1890 monumenta
585 1851 905 1897 venerabantur,
926 1855 973 1890 ut¹
995 1850 1212 1903 quicquam
1235 1855 1390 1889 temere
1417 1853 1580 1888 mutare
1611 1847 1798 1902 religioni

298 1904 375 1944 sibi
406 1906 619 1946 ducerent.
681 1906 762 1945 Sed
791 1906 1185 1960 sophistam—quae
1216 1920 1357 1945 eorum
1389 1905 1589 1959 quidlibet
1619 1903 1799 1944 audendi

298 1975 461 2014 semper
490 1961 567 2001 fuit
597 1961 739 2014 iniqua
765 1962 1088 2015 potestas—hoc
1110 1976 1191 2000 non
1219 1976 1384 2001 curasse
1412 1961 1578 2000 minime
1606 1960 1798 2007 demiror,

297 2016 380 2056 imo
402 2031 452 2056 110
474 2017 649 2057 voluisse
677 2032 769 2056 eum
791 2017 957 2070 quidem
977 2022 1211 2070 temporum
1232 2018 1540 2057 emendatorem
1570 2030 1705 2070 agere,
1728 2015 1800 2055 sed

299 2086 346 2111 eo
388 2073 488 2112 haec
521 2073 689 2112 consilio
721 2078 978 2126 permutasse
1018 2074 1152 2121 credo,
1187 2088 1237 2113 ne
1273 2073 1411 2113 omnia
1451 2073 1505 2112 ad
1544 2073 1714 2112 verbum
1749 2085 1799 2110 ex

300 2127 477 2168 Platone
497 2129 760 2181 descripsisse
782 2129 1003 2168 videretur,

356 2184 404 2222 P.
432 2197 552 2236 1391.
583 2188 672 2223 Τῶν
702 2186 774 2232 μὲν
805 2185 874 2223 οὖν
905 2186 967 2226 εἰς
996 2187 1172 2234 μύθαυς
1201 2183 1474 2234 ἀνηνεγμένων
1511 2184 1635 2234 ἔργων
1667 2184 1801 2222 πολλὰ

299 2240 529 2289 παραλιπὼν
551 2241 693 2278 τούτων
715 2239 1058 2289 ἐπεμνήσθην,-ᾶ
1080 2242 1120 2279 δὲ
1148 2243 1192 2293 τῇ
1213 2242 1285 2288 μὲν
1314 2241 1399 2291 ἀξίᾳ
1429 2243 1504 2278 τῶν
1533 2239 1657 2289 ἔργων
1687 2238 1800 2278 οὐδέν

300 2295 385 2333 ἐστι
414 2296 559 2333 τούτων
581 2296 739 2339 ἐλάττω,
763 2297 813 2346 τῷ
835 2294 865 2333 δ’
887 2295 1125 2346 ὑπογυώτερ’
1149 2296 1247 2334 εἶναι
1274 2299 1352 2335 τοῖς
1376 2295 1532 2346 χρόνοις
1560 2295 1663 2333 οὔπω
1684 2311 1800 2344 μεμυ-

301 2350 524 2400 θολόγηται,
547 2349 623 2388 οὐδ’
647 2351 699 2391 εἷς
719 2350 788 2398 τὴν
809 2350 971 2399 ἡρωϊκὴν
992 2352 1200 2399 ἐπανῆκται
1220 2350 1341 2398 τάξιν,
1363 2349 1464 2388 ταῦτ’
1486 2350 1555 2399 ἤδη
1576 2348 1691 2398 λέξω,

359 2404 478 2445 Haec
500 2406 549 2444 de
571 2419 644 2444 suo
666 2405 789 2443 homo
810 2404 979 2444 inscitus
1009 2405 1171 2445 addidit
1200 2404 1472 2445 inscitissime.
1535 2405 1670 2454 Quam
1698 2404 1800 2444 scite

301 2465 429 2513 atque
450 2461 661 2514 eleganter
682 2465 828 2500 contra
849 2460 1016 2500 Platol.
1039 2461 1064 2500 l.
1087 2475 1120 2500 0.
1145 2475 1182 2512 9.
1205 2475 1244 2513 p.
1269 2473 1362 2513 239.
1365 2462 1444 2499 -ὅ
1464 2477 1506 2500 τε
1537 2461 1677 2512 χρόνος
1703 2464 1801 2510 βρα-

301 2517 371 2568 χὺς
398 2518 510 2565 ἀξίως
538 2516 808 2568 διηγησασθαι,
839 2517 995 2565 ποιηταί
1019 2533 1057 2555 τε
1091 2517 1214 2555 αὐτῶν
1241 2517 1310 2566 ἤδη
1339 2520 1464 2557 καλῶς
1491 2533 1560 2564 την
1588 2515 1727 2566 ἀρετην
1757 2517 1801 2555 ἐν

299 2573 462 2622 μουσικῇ
493 2572 736 2622 ὕμνησαντες
767 2573 819 2613 εἰς
849 2571 995 2612 πάντας
1023 2573 1299 2621 μεμηνύκασιν.
1359 2571 1457 2611 Ἐὰν
1489 2572 1557 2610 οὖν
1583 2571 1689 2620 ἡμεῖς
1720 2573 1799 2610 ἐπι-

300 2631 490 2679 χειρῶμεν
515 2629 561 2667 τὰ
587 2628 682 2667 αὐτὰ
709 2628 814 2679 λόγῳ
836 2629 943 2679 ψιλῷ
976 2632 1145 2676 κοσμεῖι,
1168 2627 1253 2679 τάχ
1275 2627 1323 2666 ἂν
1353 2629 1522 2678 δεύτεροι
1553 2627 1798 2677 φαινοίμεθα.

302 2686 422 2722 ταῦτα
441 2684 513 2732 μὲν
535 2684 603 2722 οὖν
624 2685 685 2722 διὰ
706 2685 823 2721 ταῦτα
844 2685 951 2721 δοκεῖ
964 2683 1029 2731 μοὶ
1052 2684 1132 2727 ἐᾶν,
1157 2682 1286 2731 ἐπειδὴ
1303 2683 1364 2721 καὶ
1387 2683 1469 2733 ἔχει
1489 2682 1558 2730 τὴν
1579 2680 1705 2729 ἀξίαν.
1746 2683 1799 2720 ὧν

303 2739 344 2777 δὲ
367 2739 454 2777 οὔτε
474 2738 629 2788 ποιητής
649 2755 706 2777 πω
729 2739 844 2786 δόξαν
860 2739 971 2786 ἀξίαν
993 2738 1051 2776 ἐπ’
1074 2738 1190 2786 ἀξίοις
1210 2739 1348 2787 λαβὼν
1370 2738 1463 2789 ἕχει,
1488 2738 1542 2776 ἔτι
1563 2736 1605 2776 τέ
1627 2738 1734 2775 ἐστιν
1757 2738 1800 2775 ἐν

302 2794 503 2846 ἀμνηστίᾳ,
525 2795 668 2833 τούτων
689 2793 775 2843 πέρι
794 2809 858 2843 μοι
879 2796 985 2832 δοκεῖ
1002 2795 1140 2844 χρῆναι
1163 2794 1442 2842 ἐπιμνησθῆναι
1464 2810 1496 2832 κ.
1517 2809 1550 2831 τ.
1571 2797 1610 2830 λ.
1668 2791 1799 2841 Quem

302 2848 437 2887 locum
458 2848 691 2900 exscriptor
712 2848 1057 2888 Demosthenicus
1078 2848 1189 2887 haud
1211 2848 1333 2888 dubie
1359 2851 1456 2887 ante
1477 2847 1616 2887 oculos
1636 2846 1796 2893 habuit,

303 2917 443 2943 verum
472 2909 610 2944 tamen
644 2904 741 2956 quid
769 2918 817 2944 eo
844 2904 999 2944 faceret
1027 2904 1210 2943 nescivit.
1271 2903 1405 2953 Quum
1433 2917 1529 2943 vero
1559 2902 1668 2942 aliud
1700 2902 1797 2955 quid
