1935 3200
223 127 334 168 1070
616 124 938 165 ADVERSUS
972 123 1278 164 APHOBUM
1314 124 1348 163 Ι.

286 232 379 284 827,
399 245 463 272 10.
486 233 606 281 δῆλον
627 233 759 271 τοίνυν
781 231 890 270 ἐστὶν
912 248 944 270 κ.
960 246 992 270 τ.
1009 229 1070 285 λ.]
1105 229 1324 270 Sententia
1344 234 1432 270 est:
1466 229 1533 269 Ex
1554 229 1604 269 iis
1624 229 1741 271 testi-

222 288 383 334 moniis,
408 302 513 341 quae
534 292 724 328 tutorum
752 286 938 340 ipsorum
965 285 1036 326 alii
1064 287 1116 326 de
1142 285 1233 326 aliis
1258 286 1494 340 perhibent,
1517 286 1619 327 satis
1646 300 1741 326 oon-

223 349 310 385 stat
347 345 446 398 ejus,
480 344 591 398 quod
621 343 700 392 aio,
732 343 901 388 veritas,
937 342 1039 382 mihi
1071 342 1228 382 scilicet
1262 347 1429 383 tantam
1463 357 1489 383 a
1523 347 1645 396 patre
1678 357 1741 383 re-

222 401 366 441 lictam
387 415 476 440 esse
497 400 815 440 haereditatem.
853 398 1050 439 REISK.
1113 399 1207 438 Non
1228 413 1279 438 ex
1300 399 1364 438 his
1384 399 1645 446 testimoniis,
1668 399 1741 439 sed

224 472 246 497 e
275 460 544 497 testamento.
604 456 831 510 Jungenda
862 455 971 495 enim
1003 455 1123 505 δῆλον
1155 457 1196 495 ἐκ
1226 459 1301 495 τῶν
1332 459 1534 506 διαθηκῶν.
1602 455 1740 506 Quare

222 517 319 566 post
355 514 494 552 οὐσίαν
529 512 782 566 intel-punxi.
842 513 973 551 τοίνυν
1003 512 1044 551 h.
1075 511 1101 551 l.
1130 511 1241 551 valet
1273 511 1385 565 quod
1424 511 1565 560 toties,
1597 525 1738 565 porro.

224 568 475 609 SOHAEF.

281 626 374 676 827,
397 637 458 677 13.
488 625 596 665 ὅστις
627 626 700 676 γὰρ
724 625 765 664 ἐκ
785 623 980 675 τεττάρων
1001 623 1206 663 ταλάντων
1228 640 1261 663 κ.
1284 640 1317 662 τ.
1341 623 1403 676 λ.]
1441 622 1557 663 Oonf.
1581 638 1621 677 p.
1645 623 1739 676 857,

225 694 291 721 21.
333 680 584 721 SOHAEF.

284 739 325 777 ἐκ
347 736 540 788 τεττάρων
560 735 784 790 ταλάντων]
816 735 937 775 Haec
966 735 1131 790 integra
1162 749 1323 775 summa
1349 740 1427 784 est,
1450 749 1575 788 quam
1596 734 1743 775 dividit

225 794 267 833 in
289 794 408 833 dotes
430 797 472 833 et
494 792 652 832 usumfl
655 796 810 832 uctum.
842 792 1031 831 WOLF.

285 850 381 901 827,
400 862 463 900 17.
485 848 871 912 πλέον-κατέλιπε]
909 848 1003 887 Non
1030 852 1094 888 est
1118 847 1166 888 de
1183 862 1358 901 pecuum
1379 847 1599 902 plusquam
1619 846 1743 901 duplo

224 907 372 957 777ajo7e
403 920 523 960 quam
552 919 597 945 ea.
624 919 799 958 pecuum
835 919 955 957 quam
990 904 1093 944 7777777‘
1126 904 1298 957 oelzqm‘t
1320 918 1462 944 verum
1492 904 1539 944 de
1565 903 1742 957 pecunia

215 962 438 1015 plusquam
459 961 579 1016 duplo
599 975 746 1014 777772076
770 976 815 1000 ea
843 961 1016 1013 pcczlm'a
1037 959 1228 1000 tutoribus
1248 960 1357 1009 data,
1386 975 1505 1014 quam
1531 960 1742 1013 pecuniam

215 1018 434 1072 plusquam
455 1018 574 1072 duplo
595 1031 781 1070 777777076777
804 1017 903 1056 7777]ιί
924 1017 1099 1070 reliquit.
1161 1017 1397 1056 Secundum
1427 1017 1582 1056 idioma
1612 1015 1741 1056 notis-

225 1074 374 1114 simum
408 1089 505 1114 casu
542 1074 687 1113 eodem
721 1073 904 1127 positum
941 1078 1006 1113 est
1038 1072 1310 1113 relativum
1287 1078 1343 1123 ἠς,
1378 1087 1459 1126 quo
1490 1073 1741 1112 antecedens

225 1131 336 1184 quod
357 1131 578 1171 reticetur:
606 1130 789 1184 alioquin
812 1133 922 1169 esset
942 1129 1066 1169 πλέον
1081 1128 1104 1179 ἦ
1125 1130 1346 1171 διπλασίας·
1373 1129 1421 1178 ἢν
1438 1130 1522 1179 ἐμοὶ
1544 1129 1740 1169 κατέλιπε.

226 1187 475 1227 SEAGER.
500 1187 619 1226 Diar.
645 1186 811 1227 Classic.
834 1188 903 1238 58.
921 1201 959 1239 p.
979 1187 1073 1238 366.
1121 1186 1289 1226 Confiv.
1314 1198 1378 1226 21.
1424 1184 1678 1225 SOHAEF.

281 1244 374 1296 827,
394 1255 458 1295 23.
481 1242 605 1297 οὔπω]
631 1242 738 1294 Quia
758 1247 859 1282 tunc
882 1242 1157 1296 quinquennis
1178 1246 1271 1282 erat
1293 1241 1588 1282 Demosthenis
1609 1255 1738 1282 soror.

223 1299 474 1339 SEAGER.
495 1299 520 1338 1.
542 1314 576 1339 c.

280 1356 374 1404 82’·,
392 1366 456 1409 25.
479 1356 542 1395 ἵνα
564 1359 669 1395 δυοῖν
691 1354 852 1405 θάτερον
874 1353 1137 1405 διαπράξαιτο,
1156 1353 1178 1403 ἢ
1194 1356 1263 1405 -]
1300 1353 1479 1394 Poterat
1499 1353 1624 1393 scribi
1646 1354 1739 1393 Sim-

223 1411 391 1465 plicius:
424 1413 488 1451 ἵνα
509 1414 615 1451 δυοῖν
637 1411 798 1462 θάτερον
819 1409 917 1459 i)—.
961 1410 1210 1450 SCHAEF.

280 1469 373 1514 828,
400 1481 435 1508 2.
459 1470 540 1519 τὰς]
577 1468 714 1507 Abest
733 1468 787 1507 ab
811 1468 851 1506 S.
877 1466 1062 1520 aliisque.
1117 1466 1265 1507 Malim
1287 1470 1509 1507 servatum.
1572 1465 1740 1507 Scilicet

224 1525 268 1566 ἃς
289 1526 308 1564 ὁ
331 1542 455 1575 πατηρ
478 1524 697 1564 κατέλιπεν.
739 1523 936 1563 SOHAE
943 1523 991 1562 F.

280 1582 374 1629 828,
397 1593 435 1633 3.
459 1583 506 1620 τὰ
528 1582 643 1620 αὑτοῦ
664 1580 864 1632 πράττειν]
903 1581 953 1619 »87
973 1580 1033 1619 ait
1055 1593 1189 1619 76777777
1216 1593 1381 1619 sumum
1408 1579 1595 1632 sateqisse
1619 1593 1741 1633 neque

221 1638 342 1676 0757‘77777
362 1636 582 1689 sib7f777’3372
603 1651 662 1676 ‘773
682 1637 834 1676 alienas
857 1636 1128 1686 (11.o.meas)
1153 1636 1338 1675 emundi.
1384 1635 1578 1675 REISK.

281 1694 373 1739 828,
396 1706 457 1746 13.
481 1692 727 1745 ἐπιτρόπους]
754 1692 900 1732 Malim
920 1693 1233 1742 συνεπιτρόπους.
1265 1692 1462 1731 REISK.
1520 1691 1615 1731 Hoc
1636 1691 1739 1732 satis

221 1749 448 1803 probabile.
504 1749 558 1788 V.
582 1764 620 1802 p.
645 1750 738 1795 818,
764 1761 828 1789 20.
857 1750 952 1798 μετὰ
974 1753 1051 1788 τῶν
1072 1749 1365 1799 συνεπιτρόπων
1384 1763 1423 1801 p.
1448 1748 1541 1801 836,
1567 1749 1645 1796 26.,
1668 1747 1739 1787 ubi

222 1821 307 1846 var.
331 1806 422 1846 leet.
446 1806 672 1855 ἐπιτρόπων.
722 1805 976 1844 SCHAEF.

281 1863 374 1908 828,
397 1875 456 1914 15.
480 1860 789 1914 ἀπογράψαντα]
826 1861 930 1900 Post
951 1860 990 1899 h.
1013 1875 1048 1899 v.
1071 1874 1216 1900 vereor
1237 1874 1288 1899 ne
1310 1859 1419 1899 desit
1440 1860 1509 1909 τὴν
1530 1861 1572 1899 δὲ
1592 1859 1739 1911 μητέρα

220 1920 308 1958 οὔτε
343 1918 533 1970 γήμαντα,
569 1919 658 1957 οὔτε
694 1922 806 1957 σῖτον
839 1918 968 1963 δόντα,
1003 1916 1065 1956 vel
1101 1916 1185 1956 tale
1219 1916 1330 1969 quid.
1377 1915 1575 1955 REISK.
1642 1915 1737 1955 Non

221 1975 351 2014 deest.
416 1975 602 2013 Matrem
635 1973 744 2013 enim
776 1972 988 2013 hominem
1024 1987 1109 2012 non
1141 1972 1307 2012 duxisse
1338 1972 1379 2011 in
1412 1971 1736 2021 matrimonium,

223 2045 317 2070 011111
349 2044 491 2069 omnes
524 2030 694 2075 scirent,
721 2044 803 2069 non
835 2043 937 2082 opus
969 2033 1062 2068 erat
1094 2030 1376 2075 ἐπιδεικνύναις
1410 2028 1566 2068 victum
1595 2032 1738 2068 autem

222 2087 460 2140 praebitum
491 2100 580 2125 esse
610 2100 702 2125 cuin
733 2101 773 2138 p.
798 2086 891 2138 825,
914 2099 948 2124 1.
971 2084 1146 2138 legimus
1176 2089 1267 2124 tuin
1297 2099 1372 2138 per
1403 2098 1446 2124 se
1478 2084 1736 2138 intelligitur.

224 2142 471 2183 SOHAEF.

283 2199 380 2246 828,
404 2210 468 2238 20.
497 2200 602 2248 παρὰ
629 2198 697 2237 τὸν
717 2196 861 2250 λόγον]
896 2196 979 2235 Per
1000 2195 1110 2235 illam
1134 2196 1267 2249 ipsam
1288 2196 1494 2236 rationem
1516 2195 1579 2236 vel
1598 2209 1673 2249 per
1692 2195 1738 2234 il-

224 2255 308 2294 lum
330 2258 583 2307 computum,
598 2268 719 2308 quem
737 2252 941 2306 Aphobus
964 2252 1050 2305 ipse
1068 2252 1279 2305 judicibus
1296 2252 1498 2292 exhibuit.
1530 2252 1736 2291 REISK.

227 2310 281 2350 V.
304 2311 358 2350 ad
379 2325 417 2363 11.
443 2310 535 2360 824,
558 2323 594 2380 5
644 2309 752 2349 SCH
760 2308 892 2347 A.EF

284 2367 378 2413 828,
404 2378 423 2396 f>
404 2377 468 2419 5
504 2366 597 2416 πρὸς
618 2368 668 2418 τῷ
694 2365 883 2419 διαιτητη]
920 2366 1100 2417 κληρωτῷ
1122 2364 1323 2412 videlicet,
1352 2379 1378 2404 a
1399 2378 1481 2417 quo
1511 2377 1738 2417 1110170οα10

222 2421 376 2462 licebat
413 2427 454 2461 et
489 2422 543 2461 ad
574 2407 776 2475 judicium
806 2420 957 2459 venire.
1016 2420 1170 2471 αἱρετὸν
1201 2424 1466 2460 iecusaveiat
1498 2420 1732 2473 Aphobus:

224 2479 335 2532 quod
367 2478 489 2517 docet
520 2477 926 2530 01·711.01·11.8Ι3.Εἰ
957 2477 1029 2525 μὲν
1061 2477 1274 2525 ἐβούλετο’
1273 2475 1577 2528 Αφοβος-τὰ
1609 2476 1736 2515 δίκαια

223 2539 351 2574 ποιεῖν
366 2532 388 2583 ὴ
412 2535 497 2584 περὶ
519 2535 571 2573 ὧν
588 2534 851 2584 διαφερόμεθα
872 2536 950 2572 τοῖς
971 2547 1018 2581 γε
1039 2533 1192 2573 οἰκείοις
1213 2532 1447 2582 ἐπιτρέπειν,
1464 2532 1577 2571 οὐδὲν
1593 2532 1641 2571 ἂν
1659 2532 1736 2571 ἔδει

225 2594 339 2630 δικῶν
359 2590 447 2629 οὐδὲ
468 2590 718 2641 πραγμάτων.
752 2587 999 2628 SEAGER.
1025 2586 1142 2627 Diar.
1167 2587 1333 2628 Classio.
1355 2588 1423 2640 58.
1447 2602 1487 2641 p.
1509 2588 1605 2641 366.

284 2647 376 2694 828,
402 2647 468 2686 26.
499 2643 944 2695 ἐκτέτικεν-λάβοιεν]
993 2642 1141 2683 Juncti
1172 2644 1316 2683 eadem
1351 2643 1393 2682 in
1426 2642 1735 2683 constructione

223 2701 473 2742 indicativus
495 2706 537 2741 et
558 2701 768 2754 optativus
790 2699 900 2739 nullo
921 2699 973 2738 ad
997 2712 1161 2738 sensum
1182 2699 1429 2739 discrimine.
1466 2699 1723 2738 SCHAEF.

283 2759 376 2811 829,
392 2771 430 2811 3.
453 2757 521 2796 τὸν
542 2757 718 2809 ἀριθμὸν]
746 2758 838 2796 Aut
859 2755 928 2794 τὸν
949 2754 1066 2794 αὐτὸν
1087 2756 1249 2806 ἀριθμὸν
1268 2760 1343 2796 aut
1364 2758 1551 2794 τοσοῦτον
1572 2755 1736 2806 ἀριθμὸν

223 2814 376 2854 malim.
421 2813 620 2853 REISK
693 2813 854 2853 Neutro
886 2824 1014 2863 opus.
1059 2812 1168 2864 quod
1201 2811 1310 2851 enim
1343 2810 1531 2864 sequitui
1562 2812 1734 2862 ὅσονπερ

228 2871 357 2921 (ὅσον)
377 2869 463 2909 vice
483 2868 670 2923 fungitur
689 2868 850 2909 relativi
873 2865 1111 2918 simplicis‘l
1089 2884 1146 2907 ον.
1192 2867 1443 2908 SGHAEF.
