1935 3200
286 136 395 176 1182
651 133 972 174 ADVERSUS
1006 133 1425 174 PHAENIPPUM.

282 240 469 281 indicata
491 240 658 287 decade,
681 239 870 280 ultimam
892 240 1051 280 decada
1068 240 1316 280 intellexisse
1334 257 1341 279 ;
1373 253 1477 293 quae
1495 239 1614 286 ratio,
1631 239 1792 292 opinor,

283 296 446 337 obtinet
468 296 593 336 etiam
614 311 654 349 p.
674 308 796 345 1042,
827 309 855 335 1.
879 296 968 335 0011.
992 311 1027 336 v.
1052 298 1114 335 16.
1140 297 1176 335 8.
1209 296 1324 336 Conf.
1350 295 1657 348 Aristophanes
1679 297 1718 335 N
1723 296 1791 336 ub.

288 366 301 391 1
320 366 407 407 131.
430 351 500 391 ubi
522 351 789 391 scholiastes:
824 352 868 390 οὗ
888 353 1105 403 προσέθηκε
1127 352 1170 391 τὸ
1192 353 1411 403 φθίνοντος.
1446 352 1706 391 SCHAEF.

344 422 466 462 1039,
489 409 526 447 6.
559 409 789 458 ὡμολόγησε
812 407 971 461 δώσειν]
997 408 1186 455 Poterat,
1210 407 1242 447 si
1265 407 1409 447 vellet:
1443 408 1673 458 ὡμολόγησε
1705 410 1789 447 δοῦ-

284 481 359 504 ναι.
391 466 635 515 ὁμολογῆσαι
655 463 895 512 ποιήσασθαι
916 479 956 518 p.
978 477 1100 515 1042,
1125 475 1202 516 15.,
1226 463 1335 516 quod
1357 477 1455 502 cave
1477 467 1624 502 mutes.
1657 465 1793 516 Supra

283 535 317 559 v.
339 533 375 562 2.
398 520 723 569 ὤμοσε-δοῦναί
738 536 813 569 μοι.
846 519 902 558 V.
927 524 1014 559 not.
1037 520 1090 560 ad
1114 519 1323 558 Theocrit.
1341 530 1404 569 27,
1425 521 1490 557 60.
1522 518 1775 559 sCHAEF.

344 589 464 629 1039,
490 589 553 615 10.
585 578 631 614 τῖι
654 577 808 625 σημεῖα]
847 575 961 615 Infra
985 591 1026 629 p.
1053 589 1172 627 1041,
1201 589 1263 629 13.
1297 575 1339 613 τὸ
1363 579 1537 624 σημεῖον,
1559 574 1791 628 iterumque

283 647 317 671 v.
346 634 408 671 16.
431 634 479 670 τὰ
501 635 653 681 σημεῖα.
704 631 814 670 Adel.
837 645 875 684 p.
899 645 1020 682 1044,
1047 644 1109 670 27.
1139 632 1258 682 1048,
1281 641 1343 684 15.
1386 630 1440 669 V.
1466 630 1790 683 Harpocration.

283 703 314 727 S.
340 687 380 727 h.
399 702 433 727 V.
478 687 733 727 SCHAEF.

344 757 463 797 1039,
487 756 547 784 12.
577 744 638 782 καὶ
658 744 803 793 τᾶλλα]
832 742 1014 782 Subaudi
1040 744 1234 791 ἐποίησεν.
1261 742 1462 781 REISK.
1509 742 1641 781 Immo
1663 743 1791 782 τᾶλλα

282 799 454 853 perinde
475 804 522 838 ut
542 801 610 840 τὰς
632 801 762 850 κριθὰς
782 799 1042 838 referendmn
1064 798 1119 838 ad
1142 800 1367 848 ἐξεφόρησε.
1402 798 1661 838 SCHAEF.

343 870 463 909 1039,
490 865 552 907 17.
582 859 662 896 τοῖς
684 856 823 896 ἄλλοις
842 859 921 896 τοῖς
944 854 1230 905 ἐργαζομένοις]
1260 854 1400 893 Verba
1425 858 1503 895 τοῖς
1525 853 1792 905 ἐργαζομένοις

282 916 380 951 sunt
401 910 606 964 expositio
627 910 840 963 praemissi
863 915 941 952 τοῖς
962 912 1111 951 ἄλλοις.
1176 910 1295 949 Alias
1326 914 1522 963 potuerat
1542 923 1707 963 quoque
1732 908 1791 948 di-

281 982 373 1008 cere
403 971 478 1007 τῶν
511 967 790 1018 ἐργαζομένων.
824 966 1023 1005 REISK.
1087 966 1288 1005 Rosolve:
1323 970 1402 1007 τοῖς
1432 967 1581 1013 ἄλλοις,
1614 966 1649 1004 οἳ
1681 965 1791 1016 ἐργά-

280 1030 422 1071 ζονται.
464 1027 539 1062 τῶν
572 1024 706 1061 ἄλλων
738 1026 813 1061 τῶν
845 1023 885 1061 ἐκ
921 1025 985 1071 τῆς
1016 1024 1200 1073 ἐσχατιᾶς
1227 1021 1470 1072 γιγνομένων
1496 1036 1535 1074 p.
1564 1022 1683 1072 1046,
1711 1022 1791 1069 16.,

281 1079 306 1118 i.
329 1093 362 1119 e.
387 1083 462 1118 τῶν
483 1080 629 1125 ἄλλων,
653 1079 677 1118 ἃ
698 1079 737 1117 ἐκ
759 1081 823 1127 τῆς
846 1079 1030 1130 ἐσχατιᾶς
1050 1080 1237 1128 γίγνεται.
1280 1081 1345 1127 τῆς
1366 1078 1488 1127 ἄλλης
1519 1077 1584 1126 τῆς
1615 1079 1791 1127 τοιαύτης

281 1150 319 1188 p.
342 1149 461 1186 1414,
484 1136 560 1182 16.,
583 1139 630 1174 ut
652 1134 927 1173 scribendum.
964 1133 1223 1172 SCHAEF.

343 1205 461 1245 1039,
489 1191 551 1230 18.
586 1194 666 1232 τοῖς
687 1189 955 1240 ἐργαζομένοις
978 1190 1020 1228 ἐν
1041 1193 1121 1230 τοῖς
1147 1189 1289 1241 ἔργοις]
1321 1193 1400 1230 τοῖς
1421 1193 1683 1238 μεταλλικοῖς.
1726 1189 1788 1237 iis,

280 1247 350 1300 qui
373 1246 544 1299 sbclzfnas
579 1245 742 1285 habent:
776 1245 845 1298 qui
886 1250 928 1284 et
968 1244 1205 1298 germanice
1243 1244 1392 1284 alicubi
1432 1244 1696 1298 appellantur
1727 1245 1791 1285 clio

285 1303 497 1342 Gewerken
524 1302 576 1341 ab
610 1301 832 1354 operando.
867 1300 1054 1340 WOLF.
1118 1301 1187 1340 Ad
1224 1305 1303 1342 τοῖς
1337 1301 1463 1352 ἔργοις
1499 1300 1675 1341 subaudi
1713 1306 1791 1344 τοῖς

279 1362 538 1408 μεταλλικοῖς.
573 1358 772 1397 REISK.

342 1428 461 1468 1039,
487 1428 551 1455 21.
583 1415 669 1464 τρία
689 1413 992 1462 τάλαντα-τὴν
1012 1415 1163 1465 μερίδα]
1193 1412 1369 1452 Mutilus
1391 1412 1556 1452 videtur
1576 1413 1642 1453 hic
1664 1413 1788 1453 100118.

282 1470 389 1510 Nam
420 1477 461 1510 et
494 1485 575 1524 qua
606 1470 768 1510 ratione
798 1469 956 1523 reliqua
987 1470 1069 1508 duo
1102 1469 1263 1508 talenta
1294 1469 1466 1509 deberet
1500 1470 1790 1522 exponendum

280 1527 382 1566 fuit:
416 1526 493 1565 nisi
524 1526 688 1579 placeat
716 1526 759 1565 τὸ
791 1528 886 1565 κατὰ
915 1524 1179 1565 distributive
1207 1524 1388 1578 positum
1414 1539 1517 1573 esse,
1543 1526 1701 1580 sz‘nyzcla
1732 1531 1790 1566 ta-

280 1582 384 1622 lenta,
398 1598 477 1636 pro
497 1582 665 1636 ειήῃιιῖῐς
676 1581 938 1634 portionibus.
967 1581 1159 1621 WOLF.
1224 1581 1382 1620 Verum
1404 1582 1493 1621 hoc.
1558 1582 1690 1622 Actor
1718 1582 1790 1623 ha—

279 1639 370 1679 buit
391 1643 492 1689 τρεῖς
511 1640 666 1689 μερίδας
686 1641 753 1677 τοῦ
774 1638 1024 1688 δημευθέντος
1043 1637 1254 1687 μετάλλου.
1292 1638 1449 1676 SCHA
1461 1638 1548 1677 EF.

341 1709 460 1746 1040,
483 1708 516 1735 2.
546 1695 632 1736 τοὺς
653 1693 915 1747 τριακοσίους]
941 1694 993 1732 V.
1017 1694 1071 1733 ad
1088 1709 1126 1747 p.
1151 1695 1214 1736 26.
1236 1706 1299 1734 22.

341 1765 459 1802 1040,
483 1764 520 1804 3.
551 1752 588 1790 οἱ
610 1753 934 1799 νόμοι-ποιοῦσι
955 1752 1020 1791 τὰς
1042 1750 1276 1802 ἀντιδόσεις]
1304 1749 1483 1789 Veniam
1507 1749 1608 1789 dant
1631 1753 1696 1789 τοῦ
1717 1751 1787 1789 ἀν-

279 1809 474 1847 τιδιδόναι.
500 1807 604 1846 111οΧ
619 1821 653 1845 v.
665 1808 701 1845 8.
718 1807 873 1845 ἐποίουν
890 1807 926 1845 οἱ
940 1806 1273 1856 στρατηγοὶ--τὰς
1288 1807 1515 1847 ἀντιδόσεις.
1536 1805 1787 1845 SOHAEF.

340 1877 460 1914 1040,
489 1876 550 1903 12.
582 1863 651 1912 τὴν
674 1861 882 1915 ἐσχατιὰν]
918 1861 1031 1901 (litat
1062 1861 1100 1900 h.
1124 1861 1149 1900 1.
1183 1861 1494 1914 Harpocration
1525 1876 1560 1900 v.
1582 1861 1787 1914 Ἐσχατιά.

280 1920 482 1959 REISK.
536 1919 599 1958 ein
644 1919 882 1957 Grenzsfz'mk
922 1917 1133 1956 Boeckhio
1169 1917 1220 1956 de
1255 1917 1406 1957 Oeeon.
1446 1917 1600 1957 Athen.
1639 1917 1715 1957 vol.
1758 1931 1786 1957 1.

278 1991 316 2028 p.
337 1976 401 2014 88.
436 1974 687 2015 SOHAEF.

341 2045 459 2082 1040,
482 2045 542 2083 15.
578 2029 722 2083 κύκλῳ]
749 2030 873 2069 Refer
893 2030 947 2069 ad
969 2031 1218 2080 περιαγαγὼν
1239 2044 1287 2069 ac
1309 2029 1397 2069 dele
1420 2029 1789 2069 subdistinctiones

278 2091 377 2126 ante
399 2087 522 2126 πλέον
544 2091 584 2126 et
606 2091 701 2138 post
723 2086 1017 2136 τετταράκοντα.
1052 2087 1115 2125 SC
1125 2086 1310 2124 HAEF.

341 2156 459 2193 1040,
486 2155 549 2183 21.
583 2145 635 2183 εἰς
657 2143 757 2191 τάμὰ
777 2142 966 2192 βαδίζειν]
994 2141 1045 2180 V.
1066 2146 1151 2181 not.
1175 2141 1229 2181 ad
1251 2156 1289 2194 p.
1311 2151 1404 2194 997,
1428 2154 1487 2194 ¹3·
1523 2140 1771 2180 SCHAEF.

343 2211 460 2246 1040.
486 2210 549 2237 22.
583 2196 866 2249 ἀπηλοημένος]
894 2197 1009 2236 Citat
1033 2197 1347 2250 Harpocration
1370 2211 1400 2236 8.
1424 2197 1463 2235 11.
1487 2211 1521 2235 v.

338 2254 383 2303 νὴ
404 2254 489 2294 τοὺς
511 2254 619 2294 θεοὺς
642 2254 702 2292 καὶ
725 2255 790 2293 τὰς
813 2253 920 2305 θεὰς]
950 2252 1147 2292 Formula
1168 2252 1335 2305 jurandi
1358 2267 1438 2292 11011
1460 2252 1604 2306 magis,
1628 2252 1786 2305 opinor,

281 2308 605 2349 Demosthenica
628 2323 751 2361 quam
780 2322 886 2360 quae
916 2308 1070 2361 legitur
1099 2323 1138 2361 p.
1163 2321 1280 2359 1044,
1307 2321 1342 2347 2.
1375 2308 1469 2359 πρὸς
1499 2312 1575 2347 τῶν
1600 2312 1698 2348 θεῶν
1728 2310 1788 2349 καὶ

280 2367 483 2416 δαιμόνων.
517 2364 772 2403 SCHAEF.

343 2435 460 2472 1040,
487 2434 549 2475 23.
566 2421 718 2473 μικροῦ]
746 2421 895 2459 Paene.
929 2419 1186 2459 Subauditur
1207 2423 1267 2460 δεῖ
1285 2420 1346 2459 vel
1367 2420 1468 2460 δέον.
1502 2421 1703 2460 REISK.

342 2491 460 2528 1040.
487 2488 549 2530 25.
594 2478 613 2515 ὁ
646 2478 843 2525 μὲν-τοῦ
885 2475 1004 2521 σίτου,
1041 2477 1060 2514 ὁ
1096 2476 1210 2529 ὃὲ-]
1248 2476 1286 2514 N
1290 2491 1342 2515 011
1377 2476 1565 2530 ignotum
1601 2477 1788 2530 syntaxis

281 2535 466 2573 Graecae
487 2532 653 2572 idioma.
718 2531 969 2571 Plutarchus
988 2532 1040 2571 Υ.
1063 2531 1184 2571 Fabii
1211 2533 1312 2571 Max
1330 2546 1363 2571 c.
1381 2545 1446 2585 23.
1469 2533 1491 2582 ἡ
1512 2534 1636 2582 μὲν-
1647 2536 1708 2582 τῆς
1729 2536 1788 2572 δυ-

281 2589 497 2638 ιιάμεως-,
512 2589 534 2638 ἡ
557 2587 659 2635 δ’-,
676 2590 730 2629 εἰς
748 2587 919 2638 ἐσχάτην
937 2587 1128 2637 ὠμότητος
1150 2587 1278 2627 miror
1295 2588 1550 2641 displicuisse
1569 2588 1788 2642 Sylburgio

279 2646 332 2685 ad
356 2644 509 2684 Zosim.
531 2660 570 2698 p.
594 2655 675 2697 952
698 2644 736 2683 b.
760 2644 827 2697 38.
861 2642 915 2681 V.
943 2643 988 2682 L.
1014 2643 1125 2682 Bosii
1153 2643 1294 2697 Ellips.
1316 2660 1355 2698 p.
1376 2657 1468 2695 274.
1502 2644 1752 2684 SCHAEF.

341 2715 460 2752 1040,
486 2712 549 2752 27.
583 2701 756 2740 ἀπειπὼν
776 2700 837 2738 καὶ
860 2697 1057 2752 κωλύσας]
1091 2699 1321 2753 Agasones,
1345 2715 1436 2740 011111
1459 2706 1577 2740 actor
1597 2715 1787 2754 superve-

280 2758 419 2801 nisset.
449 2758 535 2810 jam
567 2756 607 2795 in
639 2770 687 2795 co
715 2760 835 2795 erant
866 2760 913 2794 ut
940 2754 1051 2809 ligna
1081 2756 1318 2796 avehcront.
1383 2757 1427 2796 Id
1459 2771 1510 2796 ne
1538 2757 1655 2796 fieret
1686 2761 1786 2796 tunc

280 2813 524 2866 impeditum
547 2816 623 2852 est.
657 2812 771 2851 (Jonf.
794 2826 834 2864 p.
856 2824 978 2862 1041,
998 2812 1061 2850 18.
1094 2811 1339 2851 SOHAEF.

343 2883 461 2920 1041.
485 2871 522 2908 6.
557 2869 618 2907 ἐπὶ
639 2870 685 2907 τὰ
708 2867 1042 2920 ἱερὰῇάπαιιτᾷν]
1076 2867 1186 2906 Hinc
1213 2873 1388 2921 apparet
1410 2869 1449 2908 iu
1473 2867 1787 2923 permutationi-

280 2925 357 2963 bus
378 2939 448 2964 eos
470 2938 556 2964 rem
579 2924 759 2964 divinam
782 2923 914 2963 facere
936 2922 1091 2963 solitos.
1119 2923 1304 2963 WOLF.
1367 2923 1649 2978 Jurisjurandi
1671 2937 1785 2977 ergo,
