1935 3200
255 125 365 167 1168
625 125 949 166 ADVERSUS
991 125 1286 166 BOEOTUM
1324 126 1397 179 (I.)

249 250 370 289 quam
392 250 470 288 pro
497 249 554 275 me
581 235 675 287 ipso,
702 249 789 275 cam
815 249 981 288 aequmn
1013 249 1140 275 censeo
1167 242 1202 275 et
1229 235 1294 275 aio
1323 249 1398 275 esse
1428 241 1471 275 ut
1499 235 1604 274 idem
1632 250 1768 276 nomen

250 306 318 332 ⁹203
338 290 448 331 ambo
469 306 515 330 m>
535 290 756 331 habeamus.
790 291 983 330 REISK.

314 358 435 401 1005,
459 360 523 388 20.
549 347 724 400 πότερος]
753 346 1094 387 Subaudiendum
1116 347 1223 386 ἐστὶν
1245 346 1290 386 ὃν
1311 346 1454 398 λέγεις.
1488 347 1553 386 SC
1563 347 1747 386 HAEF.

312 416 389 442 100
392 415 431 456 5,
457 414 521 455 27.
551 404 658 442 ἀλλὰ
687 403 747 442 καὶ
775 404 825 444 ὡς
852 403 1039 455 οὗτος-]
1070 402 1189 442 Haec
1218 416 1315 442 vero
1343 402 1654 456 argumentatio
1676 402 1767 442 vide

250 473 302 499 ne
323 473 471 512 puram
491 463 616 512 putat
637 458 884 499 calumniam
906 458 1103 498 redoleat.
1139 459 1398 497 SCHAEF.

311 517 430 563 1006,
456 525 492 567 7.
524 517 563 564 ἐξ
592 515 1026 568 ἄρχῃς-τελέσασθαι]
1060 514 1172 554 Satis
1200 514 1345 554 fuisset
1373 528 1455 553 non
1483 514 1763 567 lesponderze

250 585 382 623 neque
408 571 518 610 enim
546 585 589 610 se
617 570 750 633 1111118
778 575 984 618 vocatum,
1008 570 1077 623 qui
1102 570 1367 610 Mantitheus
1395 575 1517 619 esset,
1541 570 1613 609 sed
1636 570 1767 610 Boeo-

249 632 341 666 tum
362 627 581 680 quendam,
605 626 672 679 qui
695 626 782 680 ipse
803 641 886 666 11011
909 631 1030 666 esset.
1066 626 1123 663 W
1130 626 1258 665 OLF

311 686 430 729 1006,
456 683 491 722 8.
516 683 755 722 τελέσασθαι
780 699 849 731 την
872 684 994 733 δίκην]
1022 682 1076 721 V.
1098 682 1151 722 ad
1175 697 1212 735 p.
1236 694 1330 733 990,
1357 694 1392 721 2.
1427 683 1687 722 SCHAEF.

310 741 429 786 1006,
460 740 521 778 16.
556 738 875 791 ΑΝΤΙΛΗΞΙΣ]
910 737 1057 777 Boeoti
1093 738 1292 778 adversus
1328 737 1556 777 Mantithei
1591 739 1766 789 ἔγκλημα

248 809 319 834 seu
350 798 489 844 λῆξιυε
523 808 619 834 nam
646 794 818 847 perinde
846 799 922 834 est.
966 795 1013 834 V.
1033 809 1068 834 v.
1093 807 1125 834 1.
1189 794 1367 833 lnvertit
1398 808 1498 847 ergo
1529 799 1765 847 temporum

247 850 446 890 ordinem.
517 850 639 889 Prior
679 855 743 890 est
784 850 994 890 accusatio
1029 849 1257 890 Mantithei
1298 850 1496 890 adversus
1530 850 1734 890 Boeotum
1754 866 1761 889 :

246 906 454 959 posterior
490 907 687 956 ἀιντίληξις
719 906 867 946 Boeoti
903 907 1100 946 adversus
1134 906 1433 954 Mantitheum,
1467 921 1548 959 qua
1581 907 1764 960 negabat

246 962 311 1002 hic
333 962 641 1002 accusationem
666 962 893 1002 Mantithei
915 962 967 1002 ad
996 976 1038 1001 se
1061 962 1282 1016 quicquam
1302 962 1525 1015 pertinere.
1559 963 1762 1002 REISK.

308 1021 427 1065 1006,
453 1030 517 1059 22.
540 1020 646 1058 ἀλλὰ
670 1018 739 1058 κᾶν
760 1019 880 1058 πάλιν
903 1020 1111 1069 ἐξαλεῖψαι
1131 1018 1370 1071 βούλωνται]
1395 1018 1580 1058 Subaudi
1602 1021 1763 1068 ποιῆσαι

246 1077 370 1113 τοῦτο.
410 1075 671 1113 SCHAEF.

310 1131 426 1178 1006,
457 1142 521 1181 23.
561 1130 815 1182 ἀποκηρῦξαι]
854 1129 918 1169 De
952 1130 1115 1183 generis
1150 1129 1413 1170 abdicatione
1445 1129 1616 1184 intelligi
1647 1137 1763 1172 vetat

248 1185 551 1226 Valckenarius
574 1186 713 1225 Anim.
736 1186 790 1226 ad
812 1186 1007 1225 Ammon.
1029 1201 1069 1239 p.
1094 1187 1158 1225 26.
1218 1186 1300 1225 Sed
1323 1200 1428 1239 quae
1448 1186 1529 1226 alia
1550 1187 1761 1228 abdicatio

247 1241 422 1295 intelligi
446 1242 590 1295 possit,
613 1242 757 1281 vellem
778 1256 852 1281 nos
874 1242 1096 1282 docuisset.
1132 1243 1390 1281 SCHAEF.

306 1308 425 1350 1007,
452 1309 487 1337 2.
524 1297 649 1351 δυοῖυ]
689 1297 773 1337 Alii
808 1297 901 1337 libri
935 1301 1042 1338 δυοῖν
1077 1299 1176 1337 οῧσι.
1214 1301 1320 1337 δυοῖν
1355 1302 1420 1337 est
1452 1298 1674 1351 appositio,
1707 1300 1761 1339 ad

246 1368 371 1407 quam
391 1354 615 1393 subaudias
637 1354 736 1393 illud
758 1354 892 1407 ipsum
914 1354 1205 1407 participium:
1231 1354 1342 1407 quod
1363 1353 1432 1407 qui
1454 1354 1548 1393 libri
1570 1355 1760 1395 additum

244 1410 414 1457 habent,
437 1410 702 1450 adsciverunt
724 1425 745 1450 e
767 1410 923 1450 scholio
944 1410 1275 1464 interpretantis.
1311 1411 1568 1450 SCHAEF.

307 1476 424 1518 1007,
451 1476 488 1518 7.
523 1468 820 1518 προσομολογία
840 1481 937 1506 rara
959 1481 1037 1506 vox
1060 1471 1136 1507 est.
1189 1467 1271 1506 Est
1292 1467 1478 1519 coafhssio
1499 1467 1541 1506 ‘in
1563 1467 1761 1507 cumanam

243 1521 398 1561 addita.
434 1523 692 1562 SCHAEF.
