1935 3200
247 134 359 175 1316
800 132 862 172 IN
904 132 1205 173 CONONEM.

248 239 350 291 Quis
382 238 466 279 tale
494 238 603 278 ferat
632 237 922 290 hyperbaton?
952 237 1128 278 Rectam
1159 238 1201 277 in
1229 237 1339 278 viam
1363 237 1578 278 Reiskium
1609 239 1759 278 ducere

246 299 414 350 poterat
435 294 545 347 quod
565 293 717 347 legitur
737 308 777 346 p.
802 295 921 347 1263,
944 306 1007 346 17.
1040 293 1290 335 SCHAEF.

309 352 428 396 1262,
456 361 518 402 17.
548 352 616 391 τὰς
644 350 856 401 ἀναγκαίας
883 350 1121 404 προφάσεις]
1154 350 1261 390 Sunt
1283 364 1465 399 caussae,
1489 351 1541 390 ob
1564 365 1666 404 quas
1688 365 1758 391 ne-

248 421 361 448 cesse
381 410 446 446 est
462 406 557 458 jure
577 404 768 458 experiri.
809 404 961 444 SCHA
971 406 1060 445 EF.

304 464 406 504 ὅπως
432 462 483 513 μὴ
509 463 658 512 μείζους
678 463 902 513 γίγνωνται]
930 462 1005 510 Ut,
1029 462 1063 501 si
1084 462 1192 501 forte
1213 476 1247 502 e.
1269 476 1302 502 c.
1326 461 1509 501 convicio
1530 462 1664 502 laesus
1691 462 1758 511 sis,

249 518 393 559 statim
426 517 610 613 pssstlsses
645 517 975 567 conviciatorem,
1008 532 1059 557 ne
1090 517 1257 572 gravior
1286 517 1437 571 injuria
1467 522 1759 571 consequatur.

309 632 430 678 1262,
452 643 523 725 ἔρ.
565 631 658 669 ὅταν
697 630 821 679 ἥττων
859 628 898 684 ᾗ]
948 629 1114 680 Quando
1154 630 1384 670 adversario
1423 628 1556 669 cedere
1595 630 1760 683 cofiteor.

309 744 428 791 1262,
454 743 518 783 26.
551 741 638 795 τοῦ]
671 742 722 795 τῷ
755 741 808 781 A.
833 755 866 780 r.
918 741 1156 793 Perperani.
1209 741 1426 782 Genitivus
1456 741 1567 781 enim
1597 740 1761 781 articuli

249 799 454 838 infinitivo
475 798 646 851 junctus
673 797 782 838 valet
808 797 850 836 τὸ
876 798 951 845 ἵνα,
975 797 1140 836 dativus
1167 798 1210 836 τὸ
1235 799 1305 838 ὅτι.
1338 797 1588 837 SGHAEF.

312 856 431 908 1263,
460 868 519 893 10.
545 855 729 904 εἱλκόμην
758 855 819 894 καὶ
847 854 1130 906 ἐξεδυόμην-]
1158 853 1273 894 Citat
1294 854 1335 893 h.
1358 853 1384 893 l.
1408 853 1617 893 Aristides
1638 852 1760 906 Τέχν.

250 927 290 966 p.
315 922 409 964 270.
441 910 641 950 REISK.

305 968 428 1019 ὑγιὴς]
454 967 566 1006 Bene
592 966 731 1006 habet.
775 979 864 1005 eum
894 965 1004 1005 domo
1034 965 1190 1005 emissem
1221 978 1343 1004 3611118
1372 971 1407 1005 et
1437 964 1522 1004 bene
1551 965 1695 1013 valens,
1723 979 1762 1004 eo

250 1029 479 1076 reportarer
513 1022 691 1062 sublimis
725 1022 828 1061 inter
861 1036 1002 1061 mcmns
1032 1022 1281 1074 flestcmte'mns.
1351 1020 1545 1075 Nugatur
1580 1021 1634 1061 ad
1667 1021 1707 1061 h.
1730 1021 1759 1060 l.

252 1079 484 1120 Palnierius
507 1078 737 1118 Exercitat.
760 1093 797 1131 p.
822 1078 916 1130 647.
952 1077 1146 1117 REISK.

312 1137 430 1184 1264,
453 1148 492 1187 3.
514 1133 717 1187 προῆκται]
743 1133 883 1172 Roisk.
908 1133 950 1171 111
974 1133 1065 1172 Ind.
1091 1132 1323 1173 Graecitat.
1346 1148 1353 1171 :
1387 1133 1641 1184 προάγεσθαι,
1665 1133 1761 1172 edu-

250 1206 345 1232 care
366 1191 528 1237 liberos,
550 1190 766 1229 instituere
787 1203 936 1242 genere
960 1189 1139 1242 quodam
1160 1203 1333 1228 morum.
1378 1188 1499 1238 Quod
1519 1203 1601 1228 non
1623 1189 1762 1241 explet

250 1247 332 1287 vini
359 1247 471 1286 verbi
502 1245 663 1285 Graeci.
726 1245 804 1284 Est
833 1245 943 1298 quod
971 1259 1046 1283 nos
1074 1244 1248 1283 dicimus
1276 1244 1484 1284 versielaen.
1511 1244 1705 1298 [Anglice
1726 1251 1763 1284 to

249 1303 353 1357 spoil
377 1317 402 1342 a
430 1301 572 1354 child]
599 1301 776 1341 Photius
806 1301 1059 1351 Προαγωγὸς,
1083 1300 1316 1342 διδάσκαλος
1345 1304 1483 1339 κακῶν.
1546 1299 1763 1350 Quomodo

250 1358 495 1412 corrigenda
522 1358 661 1411 glossa
689 1356 890 1410 Hesychii
919 1356 996 1396 vol.
1021 1367 1057 1396 2.
1086 1370 1125 1409 p.
1148 1368 1268 1397 1022.
1301 1357 1552 1408 Προαγωγός.
1586 1355 1763 1395 διδάσκα-

251 1420 322 1456 λος
343 1415 470 1455 κακός.
503 1413 756 1453 SUHAEF.

313 1472 435 1519 1264,
456 1483 495 1521 4.
519 1468 580 1520 ἐφ’
604 1471 656 1508 ὧν
679 1470 810 1519 ἐνίοις]
838 1467 951 1508 Sicut
976 1469 1038 1507 ἐπὶ
1058 1469 1203 1508 τούτων
1226 1469 1352 1510 ἐνίοις.
1388 1466 1581 1507 VVOLF.

314 1528 433 1578 1264,
463 1539 524 1565 10.
552 1527 720 1575 τούτους]
748 1525 865 1563 Idem
893 1529 957 1563 est
986 1538 1033 1563 ac
1062 1524 1094 1563 si
1122 1524 1319 1563 dixisset:
1356 1524 1416 1563 καὶ
1443 1523 1556 1565 αὐτὸς
1582 1524 1688 1573 ἠξίου
1716 1523 1764 1563 ἂν

253 1584 409 1624 τούτους
447 1582 561 1632 τιμᾶν
601 1582 660 1620 καὶ
701 1580 867 1620 δεδιέναι
908 1581 1056 1620 ἑαυτόν.
1099 1580 1332 1633 postulasset
1371 1587 1414 1619 'ut
1453 1579 1496 1619 lei
1535 1594 1681 1633 quoque
1715 1593 1762 1628 Se,

252 1643 430 1692 patrem,
453 1639 497 1677 in
516 1637 654 1677 honore
674 1645 707 1676 et
727 1637 944 1676 reverentia
963 1636 1156 1676 haberent.
1191 1635 1384 1675 REISK.

314 1696 434 1745 1264,
459 1695 523 1733 28.
555 1694 787 1743 ἀπείπωσιν]
822 1692 1074 1745 Deliquerint
1101 1692 1248 1732 animis
1273 1691 1342 1731 sub
1373 1690 1591 1731 ‘verbm'ibzcs
1622 1691 1761 1731 Reisk.

253 1750 295 1789 in
332 1750 425 1790 Iud.
463 1749 692 1788 Graecitat.
757 1748 888 1787 Innno
928 1748 1190 1788 referendum
1226 1748 1279 1788 ad
1315 1748 1402 1789 τοὺς
1437 1749 1763 1798 ἀσελγαίνοντας,

253 1807 372 1847 donec
393 1805 635 1846 contumeliis
657 1805 842 1844 exsatiati
861 1804 952 1844 sint.
997 1804 1050 1843 V.
1072 1820 1109 1857 p.
1135 1806 1252 1857 1265,
1276 1815 1337 1844 12.
1374 1803 1623 1844 SOHAEF.

314 1864 437 1915 1265,
459 1875 496 1914 3.
521 1861 835 1911 ἐποίησαν-τὴν
855 1861 977 1912 ὥραν]
1004 1860 1045 1899 S.
1069 1863 1134 1910 τῆς
1155 1862 1310 1909 διαίτης.
1354 1860 1424 1909 ἔξω
1452 1859 1584 1909 μέσων
1606 1862 1763 1908 νυκτῶν,

253 1925 366 1958 extra
387 1918 535 1957 medias
556 1924 688 1965 noctes,
710 1922 849 1957 utrum
871 1921 967 1970 post
989 1931 1042 1956 an
1063 1920 1161 1956 ante
1181 1916 1359 1956 inediam
1381 1916 1571 1955 noctem?
1602 1920 1645 1955 et
1666 1929 1765 1968 quo-

253 1974 376 2014 modo
404 1973 492 2013 fieri
519 1973 596 2012 hoc
625 1973 775 2026 potuit,
805 1987 898 2012 cuni
928 1971 1163 2025 hujusmodi
1192 1971 1362 2026 negotia
1388 1976 1555 2011 tantum
1582 1970 1765 2010 interdiu

254 2031 520 2070 tractentur?
552 2029 762 2069 Fortassis
790 2043 881 2068 cum
913 2042 1005 2068 sero
1033 2029 1087 2068 ad
1115 2028 1321 2068 arbitrum
1350 2027 1569 2075 venissent,
1598 2041 1686 2066 rem
1714 2027 1765 2066 de

253 2086 459 2126 industria
480 2086 522 2125 in
543 2085 718 2125 inultam
739 2089 903 2124 noctem
924 2089 1235 2138 protraxerunt.
1300 2084 1409 2124 Nam
1430 2083 1618 2136 sequitur
1639 2098 1673 2123 v.
1698 2095 1763 2124 21.

254 2145 318 2191 τῆς
352 2143 494 2191 διαίτης
529 2141 843 2192 ἀποφαινομένης
879 2142 1023 2182 νυκτός.
1063 2139 1254 2179 WOLF.
1319 2140 1537 2179 Sententia
1570 2143 1660 2178 est:
1694 2152 1764 2178 eos

254 2197 441 2244 rixando,
460 2197 649 2249 jocando,
673 2196 909 2250 praestigiis
931 2200 973 2235 ot
998 2196 1116 2249 nugis
1137 2210 1162 2235 a
1184 2210 1330 2235 caussa
1356 2195 1499 2235 alienis
1520 2208 1609 2234 rein
1633 2207 1764 2246 usque

255 2253 366 2293 ultra
386 2252 564 2292 mediani
586 2257 750 2291 noctem
772 2251 1016 2291 extraxisse.
1052 2251 1244 2290 REISK.

316 2311 435 2362 1265,
460 2309 498 2347 6.
520 2307 652 2360 λίθον]
678 2307 732 2346 V.
754 2308 808 2347 ad
830 2322 868 2360 p.
890 2320 903 2345 1
920 2320 1007 2360 119,
1028 2317 1064 2358 7.

316 2366 434 2418 1265,
467 2364 504 2403 8.
547 2362 958 2414 εἶναι-πεπονθέναι]
1000 2362 1048 2401 F.
1089 2362 1187 2401 εἶναι
1225 2362 1378 2401 παιδίον
1419 2361 1532 2414 αὐτῷ,
1570 2364 1680 2399 τοῦτο
1722 2361 1764 2399 δὲ

254 2421 559 2461 πεπονθέναι-.
581 2433 654 2459 esse
678 2418 827 2458 Uononi
843 2431 1027 2471 puerum,
1053 2417 1155 2457 Ῐιιιηο
1181 2422 1312 2456 autem
1335 2430 1497 2471 passima
1523 2430 1678 2456 esse—.·
1709 2416 1763 2455 ab

255 2477 467 2525 Aristone,
490 2474 648 2528 opinor.
710 2475 773 2514 Ut
797 2474 904 2514 hanc
933 2473 1118 2512 homines
1141 2487 1330 2513 caussam
1356 2473 1462 2512 illius
1482 2472 1598 2512 rixae
1623 2485 1764 2512 coram

255 2532 418 2573 arbitro
440 2531 593 2571 dixisse
613 2530 843 2570 videantur.
879 2529 1127 2570 SOHAEF.

316 2589 435 2641 1265,
465 2600 525 2629 12.
559 2587 733 2639 ἑαυτούς]
759 2585 923 2626 Scilicet
949 2585 1044 2636 πρὸς
1073 2585 1142 2624 τὸν
1168 2585 1306 2635 βωμὸν
1337 2585 1499 2636 ἄγοντες
1527 2584 1589 2623 καὶ
1621 2583 1763 2634 ἐξορκί-

255 2650 397 2692 ζοντες.
433 2642 680 2683 SCHAEF.

316 2701 438 2753 1265,
458 2709 519 2752 15.
544 2698 712 2752 ἐθέλειν]
735 2696 917 2737 Distinxi
940 2701 1143 2736 commate
1164 2696 1329 2750 figendo
1350 2699 1445 2748 post
1468 2696 1631 2747 ἐχίνους,
1653 2693 1764 2748 quod

255 2770 416 2795 comma
455 2759 551 2808 post
591 2755 743 2794 ἐθέλειν
782 2752 976 2806 expunxi.
1019 2753 1255 2806 sponsionem
1295 2750 1513 2804 offerebant,
1554 2765 1631 2791 sese
1670 2749 1764 2790 velle

255 2812 413 2851 tradere
441 2824 567 2850 servos
596 2810 653 2850 acl
680 2816 880 2850 tormenta.
943 2808 1149 2849 Cohaeret
1176 2808 1285 2848 6111111
1317 2807 1470 2848 ἐθέλειν
1500 2821 1593 2846 cum
1620 2822 1762 2857 προκα-

255 2870 427 2907 λοῦνται.
454 2866 647 2906 REISK.
694 2866 836 2907 Recte.
871 2864 954 2906 Sed
974 2879 1057 2905 non
1078 2869 1301 2918 propterea
1322 2877 1425 2918 opus
1446 2862 1645 2917 distingui
1665 2865 1762 2916 post

257 2923 423 2974 ἐχίνους.
456 2921 703 2963 SCHAEF.
