1935 3200
270 124 380 166 1086
631 123 953 164 ADVERSUS
986 123 1291 164 APHOBUM
1326 124 1408 164 III.

266 246 304 285 p.
322 231 435 283 387.)
460 229 733 283 praestiterat
758 229 896 280 (Delu.
920 243 954 268 c.
980 229 1133 283 Euerg.
1157 243 1196 283 p.
1219 240 1336 283 1145,
1357 232 1453 283 21.).
1497 229 1782 270 Demochares

268 288 385 335 σκεύη
413 285 596 326 reddidit
626 290 669 326 et
699 299 781 324 non
811 285 873 325 ita
899 285 1031 326 multo
1059 290 1155 339 post
1185 290 1375 326 mortuus
1403 290 1467 325 est
1488 286 1548 340 (p.
1576 298 1691 338 1147,
1718 299 1779 325 11.

272 344 391 391 1148,
417 346 516 394 22.).

326 399 455 439 Pater
484 402 627 438 autem
649 397 813 437 Demon
841 402 884 438 et
911 397 1167 438 trierarchus
1198 402 1240 437 et
1267 397 1375 437 filius
1398 398 1627 438 Demotelis
1657 397 1782 437 fuisse

266 459 420 508 potest.
466 454 674 507 Tempora
696 453 805 494 enim
826 468 909 494 non
929 458 1177 508 repugnant.
1202 453 1591 495 BOEHNEOKH.
1609 454 1781 506 Quaest.

267 511 343 552 vol.
368 524 400 550 1.
456 543 464 550 .
488 511 584 560 642.

325 525 510 620 854‚p20.
533 567 693 618 ὀφλεῖν]
721 565 889 606 Scilicet
909 566 979 615 τὴν
1002 567 1220 615 καταδίκην.
1253 565 1446 606 REISK.

326 624 420 676 854,
446 634 510 663 22.
546 623 606 663 καὶ
637 623 725 662 οὐδὲ
757 623 866 672 δίκην
895 623 1033 674 ὀφλὼν
1065 641 1096 661 κ.
1115 639 1147 661 τ.
1164 622 1223 674 λ.]
1252 623 1310 661 Et
1333 637 1358 661 a
1382 636 1422 662 se
1450 622 1665 676 impetrare
1694 636 1782 662 cum

265 693 341 719 own
376 678 553 733 potuerit
593 679 714 718 etiam
749 685 840 731 post
879 678 1249 725 condemnationfflm‚
1289 685 1331 718 ut
1376 677 1511 718 ablata
1549 678 1780 727 restitueret,

265 741 465 776 tamen—.
498 734 692 775 REISK.
770 734 929 773 Immo:
972 748 1133 787 cumque
1173 748 1292 774 ausus
1329 735 1381 775 sit
1419 748 1467 775 ne
1505 734 1783 774 condemnatus

266 792 426 844 quidem
453 791 625 831 reddere.
661 790 912 831 SOHAEF.

326 849 347 886 8
352 858 422 902 54,
448 859 513 899 25.
544 850 605 887 διὰ
632 849 770 887 τούσδε
797 847 885 889 τοὺς
910 845 1118 900 μάρτυρας]
1145 846 1223 897 Qui
1252 846 1303 886 de
1334 846 1466 901 Milya
1493 846 1641 887 testati
1670 851 1780 887 sunt.

269 904 521 945 SGHAEF.

326 962 419 1014 854,
447 961 510 999 26.
534 963 601 1009 τῆς
623 959 828 1013 ἐκδόσεως]
863 959 917 998 Υ.
940 974 979 1012 p.
1005 960 1098 1005 816‚
1124 960 1189 998 26.
1233 957 1478 999 SCHAEF.

325 1018 374 1068 85
379 1028 420 1069 5
437 1026 475 1069 5.
499 1016 703 1078 διαρρήδην
726 1015 768 1057 ὃς
784 1016 854 1068 -]
894 1015 1086 1056 Relativo
1107 1020 1220 1055 recte
1243 1015 1515 1068 praeponitur
1535 1014 1781 1055 vocabulum

267 1073 376 1126 quod
408 1077 509 1112 tono
540 1072 650 1111 vocis
685 1072 776 1112 acui
808 1076 990 1126 opmtet
1064 1071 1288 1125 Eulipides
1321 1071 1603 1124 Orest.1371.
1636 1070 1658 1121 ἢ
1689 1072 1781 1111 πόν-

266 1146 346 1175 τον,
361 1128 553 1170 Ωκεανδς
575 1129 620 1168 ὃν
639 1153 701 1168 -.
746 1128 871 1168 Plato
894 1128 1075 1168 Phaedr.
1100 1128 1243 1181 11238
1269 1127 1377 1167 HSt.
1407 1129 1552 1168 τούτων
1572 1131 1648 1167 τῶν
1670 1129 1782 1167 ἰδεῶν

266 1186 456 1235 ἐκπρεπὴς
477 1203 499 1234 η
521 1185 568 1224 ἂν
590 1186 687 1239 τύχῃ
708 1202 912 1236 γενομενη,
927 1209 994 1224 -—.
1039 1183 1289 1224 SCHAEF.

324 1243 417 1294 855,
438 1242 476 1280 6.
499 1242 538 1280 τί
555 1242 605 1295 τῷ
629 1243 731 1294 ιόμῳ
755 1258 816 1280 και
837 1243 880 1291 τῇ
902 1240 1091 1294 βασάιῳ·
1083 1240 1113 1294 ,]
1147 1239 1333 1280 Subaudi
1361 1241 1503 1279 κοινόν.
1558 1239 1669 1290 de
1686 1253 1782 1293 opus

265 1304 319 1337 est
343 1312 576 1350 quemquam
600 1297 658 1337 ad
683 1303 874 1337 tormenta
896 1297 1106 1349 deposcere,
1130 1296 1197 1336 ubi
1219 1296 1280 1336 lex
1291 1295 1433 1350 planis
1454 1295 1578 1336 verbis
1599 1296 1781 1336 criminis

266 1354 430 1394 com-icti
444 1367 593 1407 poenas
612 1354 740 1393 sancit
755 1356 773 1392 ,9
816 1353 1010 1393 REISK.

325 1411 418 1463 855,
442 1423 503 1449 11.
528 1409 722 1462 τουτουσὶ]
757 1411 850 1449 Hos
868 1409 1042 1463 judices.
1085 1408 1279 1448 REISK.

324 1468 418 1520 855,
444 1476 504 1520 15.
530 1467 568 1506 τί
588 1483 651 1505 σοι
671 1466 904 1516 ποιήσουσιν
925 1468 961 1505 οἱ
981 1465 1213 1517 μάρτυρεςς]
1255 1464 1364 1515 Quid
1382 1463 1452 1504 tibi
1479 1464 1552 1504 Ῐιαο
1577 1464 1621 1503 dn
1642 1478 1780 1504 caussa

256 1523 483 1577 proderunt
513 1529 583 1562 aut
614 1521 773 1562 oberunt
805 1524 942 1562 sesses?
988 1522 1050 1562 Τιι
1080 1521 1163 1574 ipse
1193 1527 1226 1561 tc
1256 1521 1537 1561 condemnasti.
1581 1520 1776 1560 REISK.

267 1579 360 1618 Non
383 1579 608 1632 proderem-t
633 1585 705 1619 (ιιιί
732 1578 903 1627 oberant,
927 1579 999 1618 sed
1025 1577 1267 1631 simpliciter
1285 1577 1519 1631 prodemmt.
1570 1578 1682 1617 οὐδὲν
1703 1578 1780 1616 πώ-

264 1652 359 1675 ποτε
394 1636 565 1674 τουτοισὶ
600 1637 811 1685 πεποίηκας
841 1650 880 1689 p.
906 1636 1108 1688 1045.16.
1174 1634 1289 1684 Quae
1324 1639 1439 1673 recte
1474 1633 1781 1686 interpretatur

265 1691 458 1731 Reiskius
481 1691 522 1730 in
547 1691 637 1731 Ind.
664 1692 737 1731 Gr.
762 1706 793 1730 s.
814 1706 849 1731 v.
874 1696 1015 1731 ποιεῖν.
1078 1690 1238 1730 Eadem
1260 1689 1320 1728 vis
1342 1690 1455 1730 verbi
1475 1694 1603 1729 ποιεῖν
1623 1704 1662 1742 p.
1685 1691 1778 1738 880,

272 1760 347 1796 12..
371 1747 442 1787 ubi
466 1762 500 1787 v.
526 1752 613 1787 not.
671 1748 788 1788 Conf.
810 1747 1028 1801 interpret.
1052 1747 1107 1787 ad
1129 1746 1302 1786 Arriani
1327 1746 1504 1786 Dissert.
1529 1745 1711 1799 Epictet.
1740 1758 1775 1785 2.

265 1805 302 1850 6,
329 1816 393 1845 22.
431 1805 688 1844 SCHAEF.
750 1804 875 1844 Plato
904 1804 1007 1857 ch.
1037 1817 1068 1843 1.
1103 1818 1141 1856 p.
1169 1814 1251 1856 345
1279 1801 1341 1842 B:
1378 1804 1411 1842 εἰ
1441 1806 1515 1854 γὰρ
1547 1803 1603 1844 οἷς
1635 1806 1705 1841 νῦν
1735 1802 1779 1851 δὴ

266 1861 409 1911 ἔλεγον
429 1860 480 1911 μὴ
503 1860 699 1907 πέπεισαι,
721 1862 759 1900 τί
777 1877 841 1900 σοι
863 1861 918 1900 ἔτι
938 1860 1115 1910 ποιήσω,
1107 1876 1114 1883 ·
1151 1858 1323 1899 DOBR.

325 1918 417 1970 855
440 1920 500 1956 16.
521 1918 629 1957 οὗτοί
647 1916 713 1971 γε]
738 1917 896 1963 Testes.
913 1916 1063 1969 quibus
1080 1930 1156 1969 ego
1178 1929 1286 1954 nunc
1304 1919 1401 1954 utor
1421 1914 1619 1954 adversus
1637 1914 1672 1953 Α
1681 1914 1779 1968 pho-

266 1973 378 2012 bum
425 1973 478 2012 Υ
503 1973 557 2013 ·1(1
578 1988 618 2026 p.
646 1975 739 2025 855,
763 1986 801 2025 9.
844 1972 1095 2013 SGHAEF

324 2030 417 2082 855,
441 2030 502 2068 18.
530 2032 571 2068 ἐν
593 2030 644 2082 τῷ
666 2031 772 2082 λόγῳ
793 2032 912 2069 ταῦτα
939 2029 1142 2080 γέγραφας
1170 2027 1234 2080 σὺ]
1266 2029 1320 2066 Im
1350 2025 1571 2067 rationibus
1598 2032 1728 2079 <jesiae
1753 2041 1780 2066 α

265 2091 298 2124 tc
318 2085 471 2133 tutelas,
495 2100 593 2138 quas
616 2092 657 2124 ΐιι
667 2084 875 2137 judicibus
894 2084 1121 2124 eahibecz‘sti.
1166 2084 1368 2123 REISK.

326 2142 420 2194 855,
446 2154 510 2192 24.
534 2140 727 2194 ἐκδοῦναι]
765 2141 983 2181 Sententia
1008 2145 1095 2180 est:
1131 2141 1267 2190 Quum
1298 2153 1395 2192 ergo
1427 2138 1537 2178 dicet
1558 2138 1778 2192 Aphobus,

268 2211 332 2236 me
354 2211 567 2237 recusasse
588 2211 751 2237 servum
774 2197 887 2236 illum
911 2197 1107 2250 (Milyaln
1129 2196 1354 2250 designat),
1373 2194 1441 2248 qui
1463 2194 1601 2234 onmia
1623 2203 1779 2243 nosset,

267 2253 322 2293 ad
343 2258 555 2293 tormenta
575 2254 754 2300 tradere.
776 2253 955 2306 reliquos
976 2259 1116 2294 autem
1148 2266 1298 2299 servos,
1323 2251 1391 2304 qui
1414 2250 1469 2290 nil
1490 2256 1671 2298 nossent,
1694 2256 1779 2291 tra-

269 2310 366 2349 dere
397 2310 511 2350 haud
542 2310 759 2364 defugisse,
787 2314 877 2349 tum
909 2309 1120 2350 constabit
1149 2308 1280 2348 multo
1310 2306 1442 2359 magis
1471 2321 1565 2347 eum
1593 2307 1779 2347 decuisse

267 2380 408 2406 servos
428 2380 453 2405 a
474 2380 540 2406 mc
562 2366 781 2406 tormentis
803 2365 966 2406 oblatos
987 2366 1187 2419 accipere.
1230 2364 1432 2403 REISK.

327 2423 420 2475 856,
445 2424 505 2462 16.
541 2423 601 2462 καὶ
635 2423 679 2471 δὴ
710 2423 838 2475 λέγει]
879 2423 914 2462 I.
938 2437 975 2475 q.
1004 2425 1131 2472 θῶμεν
1158 2421 1202 2470 δὴ
1233 2421 1382 2472 λέγειν,
1412 2424 1460 2460 ut
1480 2434 1516 2459 v.
1542 2432 1604 2459 12.
1665 2419 1778 2460 Bene

268 2478 408 2518 Reisk.
427 2478 468 2517 in
485 2479 579 2518 Ind.
595 2478 846 2518 Graecitat.:
881 2480 1126 2531 “finsjamuffi
1142 2491 1340 2531 ponamus
1360 2476 1562 2529 tantisper.
1580 2490 1666 2515 eum
1686 2476 1781 2516 leaeo

266 2535 327 2574 dm
347 2535 575 2588 disputarae'*
596 2535 739 2588 [inuno
760 2549 846 2574 enm
868 2535 935 2574 hoc
954 2534 1121 2587 dicere]
1176 2534 1237 2573 καὶ
1266 2534 1310 2582 δὴ
1331 2537 1445 2572 καλεῖ
1463 2557 1510 2562 -
1526 2548 1565 2586 p.
1589 2534 1685 2585 996,
1712 2534 1775 2572 26.

271 2591 322 2631 V.
350 2591 563 2631 Matthiae
584 2592 637 2631 ad
662 2591 848 2644 Euripid.
877 2591 990 2630 Med.
1015 2603 1134 2643 1097.
1180 2590 1434 2629 SOHAEF.

327 2648 421 2700 856,
447 2660 510 2701 25.
541 2647 600 2701 ὃς]
640 2648 733 2686 Non
769 2647 879 2687 redit
913 2647 966 2687 ad
1001 2646 1233 2700 proximum
1266 2647 1334 2685 τὸν
1367 2646 1583 2696 ἄνθρωπον,
1618 2644 1690 2684 sed
1726 2644 1780 2685 ad

268 2704 470 2744 ieiuotius
491 2705 592 2744 σὺν.
619 2717 682 2755 23.
728 2704 931 2743 REISK.

328 2760 421 2813 857,
441 2762 478 2800 6.
505 2762 542 2810 ἐξ
565 2759 696 2813 αὐτης]
732 2759 896 2800 Scilicet
916 2776 981 2809 της
1003 2762 1088 2799 διαί)
1068 2775 1192 2807 οηκης.
1234 2758 1437 2797 REISK.

326 2817 420 2870 857.
442 2829 505 2857 22.
512 2817 660 2871 -858,
684 2829 722 2869 3.
746 2815 1169 2867 ὅστις-καρποῦσθαι]
1209 2812 1527 2867 Haecrepetita
1548 2828 1598 2853 ex
1620 2827 1657 2866 p.
1683 2813 1777 2865 827,

274 2886 335 2925 15
358 2872 502 2914 leviter
522 2878 697 2913 mutata.

327 2930 421 2980 857,
447 2931 511 2969 26.
533 2930 576 2968 οὐ
599 2932 672 2981 γὰρ
695 2929 757 2980 ἂν]
794 2929 842 2968 ἂν
861 2928 1024 2968 mallem
1045 2928 1223 2967 abesset.
1267 2927 1524 2967 SCHAEF.

328 2985 421 3037 858,
444 2998 483 3038 3.
507 2985 655 3026 ἐλάττω
675 2985 841 3039 μικροῖς]
876 2985 938 3025 Ut
971 2999 1099 3039 parva
1129 2999 1200 3024 seu
1232 2998 1365 3038 pauca
1393 2983 1443 3023 de
1474 2996 1635 3023 summa
1662 2982 1778 3022 abes-
