<?xml version="1.0" encoding="UTF-8"?>
<!DOCTYPE html PUBLIC "-//W3C//DTD XHTML 1.0 Transitional//EN"
    "http://www.w3.org/TR/xhtml1/DTD/xhtml1-transitional.dtd">
<html xmlns="http://www.w3.org/1999/xhtml" xml:lang="en" lang="en">
 <head>
  <title>
</title>
<meta http-equiv="Content-Type" content="text/html;charset=utf-8" />
  <meta name='ocr-system' content='tesseract 3.04.00' />
  <meta name='ocr-capabilities' content='ocr_page ocr_carea ocr_par ocr_line ocrx_word'/>
</head>
<body>
  <div class='ocr_page' id='page_1' title='image "./operaexrecension07demouoft_0366.png"; bbox 0 0 1935 3200; ppageno 0'>
   <div class='ocr_carea' id='block_1_1' title="bbox 276 110 1311 152">
    <p class='ocr_par' dir='ltr' id='par_1_1' title="bbox 276 110 1311 152">
     <span class='ocr_line' id='line_1_1' title="bbox 276 110 1311 152; baseline 0.002 -3"><span class='ocrx_word' id='word_1_1' title='bbox 276 112 387 151; x_wconf 76' lang='lat'>1404</span> <span class='ocrx_word' id='word_1_2' title='bbox 744 111 965 151; x_wconf 69' lang='lat' dir='ltr'><strong>ORATIO</strong></span> <span class='ocrx_word' id='word_1_3' title='bbox 1000 110 1311 152; x_wconf 85' lang='lat' dir='ltr'>FUNEBRIS.</span> 
     </span>
    </p>
   </div>
   <div class='ocr_carea' id='block_1_2' title="bbox 268 215 1783 2955">
    <p class='ocr_par' dir='ltr' id='par_1_2' title="bbox 270 215 1781 1333">
     <span class='ocr_line' id='line_1_2' title="bbox 274 215 1775 268; baseline 0.002 -13"><span class='ocrx_word' id='word_1_4' title='bbox 274 231 411 255; x_wconf 86' lang='lat' dir='ltr'>merus</span> <span class='ocrx_word' id='word_1_5' title='bbox 433 220 479 255; x_wconf 91' lang='lat' dir='ltr'>ut</span> <span class='ocrx_word' id='word_1_6' title='bbox 502 215 668 268; x_wconf 81' lang='lat' dir='ltr'>Taylori</span> <span class='ocrx_word' id='word_1_7' title='bbox 690 221 787 255; x_wconf 84' lang='lat' dir='ltr'>utar</span> <span class='ocrx_word' id='word_1_8' title='bbox 803 216 949 263; x_wconf 51' lang='lat' dir='ltr'>verbis5</span> <span class='ocrx_word' id='word_1_9' title='bbox 974 217 1024 256; x_wconf 89' lang='lat' dir='ltr'>de</span> <span class='ocrx_word' id='word_1_10' title='bbox 1047 218 1293 263; x_wconf 80' lang='lat' dir='ltr'>Aeamante,</span> <span class='ocrx_word' id='word_1_11' title='bbox 1313 218 1464 257; x_wconf 90' lang='lat' dir='ltr'>nedum</span> <span class='ocrx_word' id='word_1_12' title='bbox 1482 219 1532 257; x_wconf 87' lang='lat' dir='ltr'>de</span> <span class='ocrx_word' id='word_1_13' title='bbox 1554 218 1631 258; x_wconf 85' lang='lat' dir='ltr'>hoe</span> <span class='ocrx_word' id='word_1_14' title='bbox 1652 219 1775 265; x_wconf 79' lang='lat' dir='ltr'>facto,</span> 
     </span>
     <span class='ocr_line' id='line_1_3' title="bbox 273 272 1778 324; baseline 0.001 -14"><span class='ocrx_word' id='word_1_15' title='bbox 273 287 324 311; x_wconf 87' lang='lat' dir='ltr'>ne</span> <span class='ocrx_word' id='word_1_16' title='bbox 346 286 471 311; x_wconf 89' lang='lat' dir='ltr'>unum</span> <span class='ocrx_word' id='word_1_17' title='bbox 493 272 659 324; x_wconf 87' lang='lat' dir='ltr'>quidem</span> <span class='ocrx_word' id='word_1_18' title='bbox 679 272 861 311; x_wconf 86' lang='lat' dir='ltr'>verbum.</span> <span class='ocrx_word' id='word_1_19' title='bbox 903 272 1012 322; x_wconf 75' lang='lat' dir='ltr'>Quin</span> <span class='ocrx_word' id='word_1_20' title='bbox 1035 277 1076 312; x_wconf 90' lang='lat' dir='ltr'>et</span> <span class='ocrx_word' id='word_1_21' title='bbox 1098 288 1194 312; x_wconf 83' lang='lat' dir='ltr'>vero</span> <span class='ocrx_word' id='word_1_22' title='bbox 1216 273 1465 313; x_wconf 86' lang='lat' dir='ltr'>simillimum</span> <span class='ocrx_word' id='word_1_23' title='bbox 1487 278 1551 313; x_wconf 81' lang='lat' dir='ltr'>est</span> <span class='ocrx_word' id='word_1_24' title='bbox 1573 274 1778 314; x_wconf 77' lang='lat' dir='ltr'><strong>Aethram</strong></span> 
     </span>
     <span class='ocr_line' id='line_1_4' title="bbox 273 327 1778 381; baseline 0.001 -15"><span class='ocrx_word' id='word_1_25' title='bbox 273 329 404 381; x_wconf 79' lang='lat' dir='ltr'>ipsam</span> <span class='ocrx_word' id='word_1_26' title='bbox 428 328 577 380; x_wconf 87' lang='lat' dir='ltr'>Trojae</span> <span class='ocrx_word' id='word_1_27' title='bbox 608 342 689 366; x_wconf 89' lang='lat' dir='ltr'>non</span> <span class='ocrx_word' id='word_1_28' title='bbox 719 327 857 367; x_wconf 77' lang='lat' dir='ltr'>fuisse.</span> <span class='ocrx_word' id='word_1_29' title='bbox 922 328 1053 368; x_wconf 85' lang='lat' dir='ltr'>Istum</span> <span class='ocrx_word' id='word_1_30' title='bbox 1085 330 1192 368; x_wconf 89' lang='lat' dir='ltr'>enim</span> <span class='ocrx_word' id='word_1_31' title='bbox 1219 343 1382 368; x_wconf 89' lang='lat' dir='ltr'>versum</span> <span class='ocrx_word' id='word_1_32' title='bbox 1413 329 1459 368; x_wconf 94' lang='lat' dir='ltr'>Il.</span> <span class='ocrx_word' id='word_1_33' title='bbox 1484 347 1519 380; x_wconf 83' lang='grc' dir='ltr'>γ,</span> <span class='ocrx_word' id='word_1_34' title='bbox 1546 343 1634 381; x_wconf 85' lang='lat'>144.</span> <span class='ocrx_word' id='word_1_35' title='bbox 1659 329 1778 368; x_wconf 91' lang='lat' dir='ltr'>obelo</span> 
     </span>
     <span class='ocr_line' id='line_1_5' title="bbox 274 383 1778 438; baseline 0.001 -16"><span class='ocrx_word' id='word_1_36' title='bbox 274 388 524 423; x_wconf 81' lang='lat' dir='ltr'>notaverunt</span> <span class='ocrx_word' id='word_1_37' title='bbox 555 383 662 431; x_wconf 72' lang='lat' dir='ltr'>olim,</span> <span class='ocrx_word' id='word_1_38' title='bbox 692 388 739 423; x_wconf 89' lang='lat' dir='ltr'>ut</span> <span class='ocrx_word' id='word_1_39' title='bbox 770 383 906 423; x_wconf 90' lang='lat' dir='ltr'>videre</span> <span class='ocrx_word' id='word_1_40' title='bbox 932 389 996 424; x_wconf 89' lang='lat' dir='ltr'>est</span> <span class='ocrx_word' id='word_1_41' title='bbox 1026 385 1136 438; x_wconf 87' lang='lat' dir='ltr'>apud</span> <span class='ocrx_word' id='word_1_42' title='bbox 1166 385 1277 424; x_wconf 92' lang='lat' dir='ltr'>Plut.</span> <span class='ocrx_word' id='word_1_43' title='bbox 1308 385 1349 424; x_wconf 92' lang='lat' dir='ltr'>in</span> <span class='ocrx_word' id='word_1_44' title='bbox 1388 385 1510 425; x_wconf 86' lang='lat' dir='ltr'>Thes.</span> <span class='ocrx_word' id='word_1_45' title='bbox 1543 387 1596 434; x_wconf 85' lang='lat' dir='ltr'>(e.</span> <span class='ocrx_word' id='word_1_46' title='bbox 1617 388 1706 438; x_wconf 81' lang='lat'>34.)</span> <span class='ocrx_word' id='word_1_47' title='bbox 1736 389 1778 424; x_wconf 90' lang='lat' dir='ltr'>et</span> 
     </span>
     <span class='ocr_line' id='line_1_6' title="bbox 277 439 1777 493; baseline 0.001 -15"><span class='ocrx_word' id='word_1_48' title='bbox 277 439 522 479; x_wconf 82' lang='lat' dir='ltr'>Eustathius</span> <span class='ocrx_word' id='word_1_49' title='bbox 551 454 724 487; x_wconf 74' lang='lat' dir='ltr'>versum,</span> <span class='ocrx_word' id='word_1_50' title='bbox 748 439 780 478; x_wconf 85' lang='lat' dir='ltr'>si</span> <span class='ocrx_word' id='word_1_51' title='bbox 811 439 1013 493; x_wconf 82' lang='lat' dir='ltr'>genuinus</span> <span class='ocrx_word' id='word_1_52' title='bbox 1041 445 1162 487; x_wconf 75' lang='lat' dir='ltr'>esset,</span> <span class='ocrx_word' id='word_1_53' title='bbox 1186 441 1236 480; x_wconf 82' lang='lat' dir='ltr'>(le</span> <span class='ocrx_word' id='word_1_54' title='bbox 1260 440 1435 486; x_wconf 75' lang='lat' dir='ltr'>Aethra,</span> <span class='ocrx_word' id='word_1_55' title='bbox 1460 441 1608 480; x_wconf 77' lang='lat' dir='ltr'>Thesei</span> <span class='ocrx_word' id='word_1_56' title='bbox 1629 445 1777 488; x_wconf 79' lang='lat' dir='ltr'>matre,</span> 
     </span>
     <span class='ocr_line' id='line_1_7' title="bbox 273 495 1779 549; baseline 0.001 -15"><span class='ocrx_word' id='word_1_57' title='bbox 273 495 352 535; x_wconf 87' lang='lat' dir='ltr'>diei</span> <span class='ocrx_word' id='word_1_58' title='bbox 383 510 503 548; x_wconf 86' lang='lat' dir='ltr'>posse</span> <span class='ocrx_word' id='word_1_59' title='bbox 530 495 782 549; x_wconf 74' lang='lat' dir='ltr'>negat—P.</span> <span class='ocrx_word' id='word_1_60' title='bbox 811 497 929 549; x_wconf 74' lang='lat'>1398.</span> <span class='ocrx_word' id='word_1_61' title='bbox 967 497 1048 536; x_wconf 79' lang='grc' dir='ltr'>Οὐκ</span> <span class='ocrx_word' id='word_1_62' title='bbox 1075 497 1292 536; x_wconf 80' lang='grc' dir='ltr'>ἐλάνθανεν</span> <span class='ocrx_word' id='word_1_63' title='bbox 1320 498 1503 538; x_wconf 87' lang='grc' dir='ltr'>Οἰνείδας</span> <span class='ocrx_word' id='word_1_64' title='bbox 1533 498 1592 536; x_wconf 83' lang='grc' dir='ltr'>ὅτι</span> <span class='ocrx_word' id='word_1_65' title='bbox 1626 496 1779 547; x_wconf 85' lang='grc' dir='ltr'>Κάδμου</span> 
     </span>
     <span class='ocr_line' id='line_1_8' title="bbox 272 551 1780 603; baseline 0.001 -13"><span class='ocrx_word' id='word_1_66' title='bbox 272 553 345 600; x_wconf 76' lang='grc' dir='ltr'>μὲν</span> <span class='ocrx_word' id='word_1_67' title='bbox 367 551 533 601; x_wconf 80' lang='grc' dir='ltr'>Σεμέλη,</span> <span class='ocrx_word' id='word_1_68' title='bbox 557 555 620 601; x_wconf 87' lang='grc' dir='ltr'>τῆς</span> <span class='ocrx_word' id='word_1_69' title='bbox 641 553 682 591; x_wconf 78' lang='grc' dir='ltr'>δὲ</span> <span class='ocrx_word' id='word_1_70' title='bbox 703 551 787 591; x_wconf 77' lang='grc' dir='ltr'>υἱὸν</span> <span class='ocrx_word' id='word_1_71' title='bbox 808 553 903 591; x_wconf 83' lang='grc' dir='ltr'>ὄντα</span> <span class='ocrx_word' id='word_1_72' title='bbox 925 551 969 591; x_wconf 82' lang='grc' dir='ltr'>’ὸν</span> <span class='ocrx_word' id='word_1_73' title='bbox 991 553 1041 591; x_wconf 85' lang='grc' dir='ltr'>οὐ</span> <span class='ocrx_word' id='word_1_74' title='bbox 1066 552 1244 603; x_wconf 83' lang='grc' dir='ltr'>πρέπον</span> <span class='ocrx_word' id='word_1_75' title='bbox 1274 554 1404 591; x_wconf 83' lang='grc' dir='ltr'>ἐστὶν</span> <span class='ocrx_word' id='word_1_76' title='bbox 1436 553 1685 602; x_wconf 76' lang='grc' dir='ltr'>ὀνομάζειν</span> <span class='ocrx_word' id='word_1_77' title='bbox 1718 553 1780 592; x_wconf 86' lang='grc' dir='ltr'>ἐπὶ</span> 
     </span>
     <span class='ocr_line' id='line_1_9' title="bbox 273 607 1781 660; baseline 0.001 -14"><span class='ocrx_word' id='word_1_78' title='bbox 273 610 404 646; x_wconf 81' lang='grc' dir='ltr'>τοῦδε</span> <span class='ocrx_word' id='word_1_79' title='bbox 436 611 514 646; x_wconf 81' lang='grc' dir='ltr'>τοῦ</span> <span class='ocrx_word' id='word_1_80' title='bbox 546 607 704 657; x_wconf 81' lang='grc' dir='ltr'>τάφου,</span> <span class='ocrx_word' id='word_1_81' title='bbox 737 611 815 646; x_wconf 78' lang='grc' dir='ltr'>τοῦ</span> <span class='ocrx_word' id='word_1_82' title='bbox 843 610 888 647; x_wconf 77' lang='grc' dir='ltr'>δὲ</span> <span class='ocrx_word' id='word_1_83' title='bbox 912 609 1050 649; x_wconf 77' lang='grc' dir='ltr'>Οἰνεὺς</span> <span class='ocrx_word' id='word_1_84' title='bbox 1071 608 1248 659; x_wconf 82' lang='grc' dir='ltr'>γέγονεν,</span> <span class='ocrx_word' id='word_1_85' title='bbox 1273 608 1315 649; x_wconf 71' lang='grc' dir='ltr'>ὃς</span> <span class='ocrx_word' id='word_1_86' title='bbox 1347 607 1517 660; x_wconf 69' lang='grc' dir='ltr'>ἀρχηγὸς</span> <span class='ocrx_word' id='word_1_87' title='bbox 1538 609 1663 647; x_wconf 79' lang='grc' dir='ltr'>αὐτῶν</span> <span class='ocrx_word' id='word_1_88' title='bbox 1694 609 1781 648; x_wconf 78' lang='grc' dir='ltr'>ε’κα-</span> 
     </span>
     <span class='ocr_line' id='line_1_10' title="bbox 272 663 1781 717; baseline 0.001 -16"><span class='ocrx_word' id='word_1_89' title='bbox 272 668 391 703; x_wconf 84' lang='grc' dir='ltr'>λεῖτο,</span> <span class='ocrx_word' id='word_1_90' title='bbox 454 663 688 703; x_wconf 84' lang='lat' dir='ltr'>Praeeunte</span> <span class='ocrx_word' id='word_1_91' title='bbox 712 663 887 703; x_wconf 79' lang='lat' dir='ltr'>Platone</span> <span class='ocrx_word' id='word_1_92' title='bbox 918 663 957 702; x_wconf 89' lang='lat' dir='ltr'>in</span> <span class='ocrx_word' id='word_1_93' title='bbox 987 664 1153 704; x_wconf 86' lang='lat' dir='ltr'>Menex.</span> <span class='ocrx_word' id='word_1_94' title='bbox 1176 678 1209 703; x_wconf 80' lang='lat' dir='ltr'>e.</span> <span class='ocrx_word' id='word_1_95' title='bbox 1234 676 1270 714; x_wconf 85' lang='lat'>7.</span> <span class='ocrx_word' id='word_1_96' title='bbox 1305 679 1343 717; x_wconf 91' lang='lat' dir='ltr'>p.</span> <span class='ocrx_word' id='word_1_97' title='bbox 1369 665 1461 717; x_wconf 76' lang='lat'><strong>238.</strong></span> <span class='ocrx_word' id='word_1_98' title='bbox 1493 666 1546 703; x_wconf 81' lang='grc' dir='ltr'>ὧν</span> <span class='ocrx_word' id='word_1_99' title='bbox 1569 665 1705 716; x_wconf 85' lang='grc' dir='ltr'>(θεῶν)</span> <span class='ocrx_word' id='word_1_100' title='bbox 1733 666 1781 704; x_wconf 79' lang='grc' dir='ltr'>τὰ</span> 
     </span>
     <span class='ocr_line' id='line_1_11' title="bbox 271 720 1781 773; baseline 0.002 -16"><span class='ocrx_word' id='word_1_101' title='bbox 271 721 343 768; x_wconf 79' lang='grc' dir='ltr'>μὲν</span> <span class='ocrx_word' id='word_1_102' title='bbox 366 721 537 769; x_wconf 81' lang='grc' dir='ltr'>ὀνόματα</span> <span class='ocrx_word' id='word_1_103' title='bbox 558 721 695 770; x_wconf 80' lang='grc' dir='ltr'>πρέπει</span> <span class='ocrx_word' id='word_1_104' title='bbox 724 721 766 758; x_wconf 85' lang='grc' dir='ltr'>ἐν</span> <span class='ocrx_word' id='word_1_105' title='bbox 786 721 836 772; x_wconf 73' lang='grc' dir='ltr'>τῷ</span> <span class='ocrx_word' id='word_1_106' title='bbox 865 723 998 773; x_wconf 72' lang='grc' dir='ltr'>τοιῷδε</span> <span class='ocrx_word' id='word_1_107' title='bbox 1030 721 1109 759; x_wconf 79' lang='grc' dir='ltr'>ε’ἆν.</span> <span class='ocrx_word' id='word_1_108' title='bbox 1173 720 1292 770; x_wconf 76' lang='lat' dir='ltr'>Quod</span> <span class='ocrx_word' id='word_1_109' title='bbox 1323 720 1401 759; x_wconf 83' lang='lat' dir='ltr'>nisi</span> <span class='ocrx_word' id='word_1_110' title='bbox 1432 724 1688 760; x_wconf 74' lang='lat' dir='ltr'>commentus</span> <span class='ocrx_word' id='word_1_111' title='bbox 1717 724 1781 760; x_wconf 79' lang='lat' dir='ltr'>est</span> 
     </span>
     <span class='ocr_line' id='line_1_12' title="bbox 275 775 1781 829; baseline 0.001 -15"><span class='ocrx_word' id='word_1_112' title='bbox 275 775 412 822; x_wconf 85' lang='lat' dir='ltr'>Plato,</span> <span class='ocrx_word' id='word_1_113' title='bbox 436 790 509 814; x_wconf 77' lang='lat' dir='ltr'>eur</span> <span class='ocrx_word' id='word_1_114' title='bbox 536 775 591 815; x_wconf 74' lang='lat' dir='ltr'>sie</span> <span class='ocrx_word' id='word_1_115' title='bbox 620 775 877 815; x_wconf 70' lang='lat' dir='ltr'>instituerint</span> <span class='ocrx_word' id='word_1_116' title='bbox 900 790 980 815; x_wconf 87' lang='grc'><strong>11011</strong></span> <span class='ocrx_word' id='word_1_117' title='bbox 1007 790 1218 829; x_wconf 81' lang='lat' dir='ltr'>assequor.</span> <span class='ocrx_word' id='word_1_118' title='bbox 1283 775 1362 816; x_wconf 89' lang='lat' dir='ltr'>Sed</span> <span class='ocrx_word' id='word_1_119' title='bbox 1384 776 1533 815; x_wconf 89' lang='lat' dir='ltr'>mirum</span> <span class='ocrx_word' id='word_1_120' title='bbox 1554 781 1695 816; x_wconf 86' lang='lat' dir='ltr'>tamen</span> <span class='ocrx_word' id='word_1_121' title='bbox 1717 779 1781 816; x_wconf 89' lang='lat' dir='ltr'>est</span> 
     </span>
     <span class='ocr_line' id='line_1_13' title="bbox 272 831 1781 872; baseline 0.001 -2"><span class='ocrx_word' id='word_1_122' title='bbox 272 846 413 871; x_wconf 86' lang='lat' dir='ltr'>omnes</span> <span class='ocrx_word' id='word_1_123' title='bbox 435 831 669 871; x_wconf 89' lang='lat' dir='ltr'>orationum</span> <span class='ocrx_word' id='word_1_124' title='bbox 691 832 924 871; x_wconf 83' lang='lat' dir='ltr'>funebrium</span> <span class='ocrx_word' id='word_1_125' title='bbox 944 843 1136 872; x_wconf 71' lang='lat' dir='ltr'>auctores</span> <span class='ocrx_word' id='word_1_126' title='bbox 1157 833 1327 871; x_wconf 86' lang='lat' dir='ltr'>deorum</span> <span class='ocrx_word' id='word_1_127' title='bbox 1350 832 1518 872; x_wconf 87' lang='lat' dir='ltr'>nomina</span> <span class='ocrx_word' id='word_1_128' title='bbox 1538 836 1781 872; x_wconf 81' lang='lat' dir='ltr'>constanter</span> 
     </span>
     <span class='ocr_line' id='line_1_14' title="bbox 273 887 1777 942; baseline 0.001 -15"><span class='ocrx_word' id='word_1_129' title='bbox 273 893 398 940; x_wconf 79' lang='lat' dir='ltr'>atque</span> <span class='ocrx_word' id='word_1_130' title='bbox 420 888 562 927; x_wconf 89' lang='lat' dir='ltr'>sedulo</span> <span class='ocrx_word' id='word_1_131' title='bbox 584 887 746 927; x_wconf 87' lang='lat' dir='ltr'>silentio</span> <span class='ocrx_word' id='word_1_132' title='bbox 768 888 960 927; x_wconf 87' lang='lat' dir='ltr'>transire.</span> <span class='ocrx_word' id='word_1_133' title='bbox 1024 888 1082 929; x_wconf 79' lang='lat' dir='ltr'>Cf.</span> <span class='ocrx_word' id='word_1_134' title='bbox 1107 893 1136 936; x_wconf 90' lang='lat' dir='ltr'>S</span> <span class='ocrx_word' id='word_1_135' title='bbox 1159 901 1225 935; x_wconf 76' lang='lat'>42.</span> <span class='ocrx_word' id='word_1_136' title='bbox 1272 888 1413 928; x_wconf 90' lang='lat' dir='ltr'>Solum</span> <span class='ocrx_word' id='word_1_137' title='bbox 1437 888 1600 942; x_wconf 73' lang='lat' dir='ltr'>Lysiam</span> <span class='ocrx_word' id='word_1_138' title='bbox 1622 903 1662 941; x_wconf 91' lang='lat' dir='ltr'>p.</span> <span class='ocrx_word' id='word_1_139' title='bbox 1686 901 1777 941; x_wconf 81' lang='lat'>190,</span> 
     </span>
     <span class='ocr_line' id='line_1_15' title="bbox 272 943 1779 998; baseline 0.001 -16.001"><span class='ocrx_word' id='word_1_140' title='bbox 272 958 338 995; x_wconf 63' lang='lat'>34.</span> <span class='ocrx_word' id='word_1_141' title='bbox 393 944 577 983; x_wconf 87' lang='lat' dir='ltr'>Martem</span> <span class='ocrx_word' id='word_1_142' title='bbox 599 943 747 983; x_wconf 89' lang='lat' dir='ltr'>nomin</span> <span class='ocrx_word' id='word_1_143' title='bbox 740 958 812 983; x_wconf 77' lang='lat' dir='ltr'>ue</span> <span class='ocrx_word' id='word_1_144' title='bbox 832 944 1009 983; x_wconf 88' lang='lat' dir='ltr'>memini.</span> <span class='ocrx_word' id='word_1_145' title='bbox 1073 944 1195 984; x_wconf 74' lang='lat' dir='ltr'>Cetei</span> <span class='ocrx_word' id='word_1_146' title='bbox 1199 959 1265 983; x_wconf 90' lang='lat' dir='ltr'>um</span> <span class='ocrx_word' id='word_1_147' title='bbox 1288 944 1567 984; x_wconf 78' lang='lat' dir='ltr'>hallucinatui</span> <span class='ocrx_word' id='word_1_148' title='bbox 1591 943 1779 998; x_wconf 79' lang='lat' dir='ltr'>sophista</span> 
     </span>
     <span class='ocr_line' id='line_1_16' title="bbox 273 1000 1780 1053; baseline 0.001 -16"><span class='ocrx_word' id='word_1_149' title='bbox 273 1000 458 1039; x_wconf 76' lang='lat' dir='ltr'>Oeneum</span> <span class='ocrx_word' id='word_1_150' title='bbox 495 1000 542 1039; x_wconf 80' lang='grc' dir='ltr'>Β·</span> <span class='ocrx_word' id='word_1_151' title='bbox 543 1000 648 1039; x_wconf 74' lang='lat' dir='ltr'>wehi</span> <span class='ocrx_word' id='word_1_152' title='bbox 688 1000 817 1038; x_wconf 89' lang='lat' dir='ltr'>filium</span> <span class='ocrx_word' id='word_1_153' title='bbox 859 1000 1009 1045; x_wconf 78' lang='lat' dir='ltr'>dicens</span> <span class='ocrx_word' id='word_1_154' title='bbox 1050 1014 1170 1053; x_wconf 80' lang='lat' dir='ltr'>quem</span> <span class='ocrx_word' id='word_1_155' title='bbox 1206 1004 1372 1040; x_wconf 88' lang='lat' dir='ltr'>tantum</span> <span class='ocrx_word' id='word_1_156' title='bbox 1406 1001 1494 1053; x_wconf 83' lang='lat' dir='ltr'>ejus</span> <span class='ocrx_word' id='word_1_157' title='bbox 1535 1000 1780 1053; x_wconf 76' lang='lat' dir='ltr'>discipulum</span> 
     </span>
     <span class='ocr_line' id='line_1_17' title="bbox 270 1055 1780 1109; baseline 0.001 -15"><span class='ocrx_word' id='word_1_158' title='bbox 270 1056 395 1095; x_wconf 81' lang='lat' dir='ltr'>fuisse</span> <span class='ocrx_word' id='word_1_159' title='bbox 422 1055 655 1108; x_wconf 84' lang='lat' dir='ltr'>perhibent.</span> <span class='ocrx_word' id='word_1_160' title='bbox 719 1055 918 1109; x_wconf 78' lang='lat' dir='ltr'>Fingend¹</span> <span class='ocrx_word' id='word_1_161' title='bbox 911 1071 935 1095; x_wconf 80' lang='grc'><strong>1</strong></span> <span class='ocrx_word' id='word_1_162' title='bbox 966 1056 1157 1095; x_wconf 89' lang='lat' dir='ltr'>nimirum</span> <span class='ocrx_word' id='word_1_163' title='bbox 1179 1071 1233 1095; x_wconf 88' lang='lat' dir='ltr'>er</span> <span class='ocrx_word' id='word_1_164' title='bbox 1226 1061 1272 1096; x_wconf 65' lang='lat' dir='ltr'>tt</span> <span class='ocrx_word' id='word_1_165' title='bbox 1294 1057 1497 1109; x_wconf 80' lang='lat' dir='ltr'>quaedam</span> <span class='ocrx_word' id='word_1_166' title='bbox 1520 1056 1664 1096; x_wconf 58' lang='lat' dir='ltr'>Omdmi</span> <span class='ocrx_word' id='word_1_167' title='bbox 1686 1070 1780 1095; x_wconf 84' lang='lat' dir='ltr'>eum</span> 
     </span>
     <span class='ocr_line' id='line_1_18' title="bbox 273 1112 1780 1165; baseline 0.001 -14"><span class='ocrx_word' id='word_1_168' title='bbox 273 1112 413 1151; x_wconf 86' lang='lat' dir='ltr'>Oeneo</span> <span class='ocrx_word' id='word_1_169' title='bbox 447 1112 653 1165; x_wconf 74' lang='lat' dir='ltr'>cognatio,</span> <span class='ocrx_word' id='word_1_170' title='bbox 687 1126 767 1165; x_wconf 81' lang='lat' dir='ltr'>quo</span> <span class='ocrx_word' id='word_1_171' title='bbox 799 1112 1044 1152; x_wconf 76' lang='lat' dir='ltr'>novissimae</span> <span class='ocrx_word' id='word_1_172' title='bbox 1080 1112 1289 1152; x_wconf 78' lang='lat' dir='ltr'>Thebanis</span> <span class='ocrx_word' id='word_1_173' title='bbox 1324 1127 1417 1151; x_wconf 83' lang='lat' dir='ltr'>eum</span> <span class='ocrx_word' id='word_1_174' title='bbox 1451 1112 1780 1152; x_wconf 81' lang='lat' dir='ltr'>Atheniensibus</span> 
     </span>
     <span class='ocr_line' id='line_1_19' title="bbox 272 1167 1781 1221; baseline 0.001 -15"><span class='ocrx_word' id='word_1_175' title='bbox 272 1168 400 1207; x_wconf 90' lang='lat' dir='ltr'>initae</span> <span class='ocrx_word' id='word_1_176' title='bbox 432 1167 645 1207; x_wconf 68' lang='lat' dir='ltr'>societatis</span> <span class='ocrx_word' id='word_1_177' title='bbox 676 1167 832 1207; x_wconf 87' lang='lat' dir='ltr'>mentio</span> <span class='ocrx_word' id='word_1_178' title='bbox 854 1168 1066 1207; x_wconf 77' lang='lat' dir='ltr'>commode</span> <span class='ocrx_word' id='word_1_179' title='bbox 1099 1172 1238 1221; x_wconf 89' lang='lat' dir='ltr'>posset</span> <span class='ocrx_word' id='word_1_180' title='bbox 1268 1168 1372 1207; x_wconf 88' lang='lat' dir='ltr'>fieri.</span> <span class='ocrx_word' id='word_1_181' title='bbox 1435 1168 1498 1208; x_wconf 91' lang='lat' dir='ltr'>At</span> <span class='ocrx_word' id='word_1_182' title='bbox 1526 1168 1558 1207; x_wconf 92' lang='lat' dir='ltr'>si</span> <span class='ocrx_word' id='word_1_183' title='bbox 1591 1168 1781 1208; x_wconf 79' lang='lat' dir='ltr'>undecim</span> 
     </span>
     <span class='ocr_line' id='line_1_20' title="bbox 272 1223 1780 1277; baseline 0.001 -15"><span class='ocrx_word' id='word_1_184' title='bbox 272 1223 591 1263; x_wconf 80' lang='lat' dir='ltr'>Atheniensium</span> <span class='ocrx_word' id='word_1_185' title='bbox 624 1223 799 1263; x_wconf 80' lang='lat' dir='ltr'>fuissent</span> <span class='ocrx_word' id='word_1_186' title='bbox 829 1223 963 1263; x_wconf 83' lang='lat' dir='ltr'>tribus</span> <span class='ocrx_word' id='word_1_187' title='bbox 998 1224 1048 1263; x_wconf 91' lang='lat' dir='ltr'>de</span> <span class='ocrx_word' id='word_1_188' title='bbox 1083 1224 1302 1264; x_wconf 77' lang='lat' dir='ltr'>undecima</span> <span class='ocrx_word' id='word_1_189' title='bbox 1335 1224 1434 1277; x_wconf 82' lang='lat' dir='ltr'>quid</span> <span class='ocrx_word' id='word_1_190' title='bbox 1469 1224 1626 1264; x_wconf 78' lang='lat' dir='ltr'>diceret</span> <span class='ocrx_word' id='word_1_191' title='bbox 1657 1224 1780 1264; x_wconf 90' lang='lat' dir='ltr'>homo</span> 
     </span>
     <span class='ocr_line' id='line_1_21' title="bbox 271 1279 914 1333; baseline 0.002 -15"><span class='ocrx_word' id='word_1_192' title='bbox 271 1280 430 1320; x_wconf 71' lang='lat' dir='ltr'>facetus</span> <span class='ocrx_word' id='word_1_193' title='bbox 450 1281 607 1319; x_wconf 79' lang='lat' dir='ltr'>frustra</span> <span class='ocrx_word' id='word_1_194' title='bbox 630 1279 914 1333; x_wconf 79' lang='lat' dir='ltr'>quaesivisset.</span> 
     </span>
    </p>

    <p class='ocr_par' dir='ltr' id='par_1_3' title="bbox 270 1336 1782 1614">
     <span class='ocr_line' id='line_1_22' title="bbox 328 1336 1782 1389; baseline 0.003 -16"><span class='ocrx_word' id='word_1_195' title='bbox 328 1336 444 1386; x_wconf 65' lang='lat' dir='ltr'>Quae,</span> <span class='ocrx_word' id='word_1_196' title='bbox 466 1336 652 1389; x_wconf 80' lang='lat' dir='ltr'>quamvis</span> <span class='ocrx_word' id='word_1_197' title='bbox 675 1336 715 1375; x_wconf 92' lang='lat' dir='ltr'>in</span> <span class='ocrx_word' id='word_1_198' title='bbox 742 1336 916 1376; x_wconf 81' lang='lat' dir='ltr'>historia</span> <span class='ocrx_word' id='word_1_199' title='bbox 943 1337 1089 1389; x_wconf 86' lang='lat' dir='ltr'>majori</span> <span class='ocrx_word' id='word_1_200' title='bbox 1111 1337 1324 1377; x_wconf 80' lang='lat' dir='ltr'>offensioni</span> <span class='ocrx_word' id='word_1_201' title='bbox 1353 1336 1437 1377; x_wconf 83' lang='lat' dir='ltr'>sint</span> <span class='ocrx_word' id='word_1_202' title='bbox 1459 1350 1583 1389; x_wconf 88' lang='lat' dir='ltr'>quam</span> <span class='ocrx_word' id='word_1_203' title='bbox 1605 1336 1782 1377; x_wconf 81' lang='lat' dir='ltr'>delecta-</span> 
     </span>
     <span class='ocr_line' id='line_1_23' title="bbox 271 1392 1782 1446; baseline 0 -14"><span class='ocrx_word' id='word_1_204' title='bbox 271 1392 373 1432; x_wconf 91' lang='lat' dir='ltr'>tioni</span> <span class='ocrx_word' id='word_1_205' title='bbox 398 1392 645 1445; x_wconf 77' lang='lat' dir='ltr'>(eujusmodi</span> <span class='ocrx_word' id='word_1_206' title='bbox 668 1392 928 1446; x_wconf 71' lang='lat' dir='ltr'>argutiarum</span> <span class='ocrx_word' id='word_1_207' title='bbox 958 1393 1145 1446; x_wconf 81' lang='lat' dir='ltr'>exempla</span> <span class='ocrx_word' id='word_1_208' title='bbox 1166 1394 1369 1445; x_wconf 81' lang='lat' dir='ltr'>quaedam</span> <span class='ocrx_word' id='word_1_209' title='bbox 1396 1408 1445 1432; x_wconf 83' lang='lat' dir='ltr'>ex</span> <span class='ocrx_word' id='word_1_210' title='bbox 1468 1392 1638 1432; x_wconf 83' lang='lat' dir='ltr'>Timaeo</span> <span class='ocrx_word' id='word_1_211' title='bbox 1659 1392 1782 1432; x_wconf 81' lang='lat' dir='ltr'>affert</span> 
     </span>
     <span class='ocr_line' id='line_1_24' title="bbox 272 1448 1781 1501; baseline -0.001 -14"><span class='ocrx_word' id='word_1_212' title='bbox 272 1449 485 1488; x_wconf 73' lang='lat' dir='ltr'>Plutarch.</span> <span class='ocrx_word' id='word_1_213' title='bbox 511 1449 551 1486; x_wconf 88' lang='lat' dir='ltr'>in</span> <span class='ocrx_word' id='word_1_214' title='bbox 582 1448 670 1488; x_wconf 78' lang='lat' dir='ltr'>Nic.</span> <span class='ocrx_word' id='word_1_215' title='bbox 696 1464 729 1488; x_wconf 73' lang='lat' dir='ltr'>e.</span> <span class='ocrx_word' id='word_1_216' title='bbox 757 1452 820 1495; x_wconf 84' lang='grc'><strong>1.),</strong></span> <span class='ocrx_word' id='word_1_217' title='bbox 844 1448 1022 1488; x_wconf 84' lang='lat' dir='ltr'>orationi</span> <span class='ocrx_word' id='word_1_218' title='bbox 1051 1457 1190 1488; x_wconf 87' lang='lat' dir='ltr'>tamen</span> <span class='ocrx_word' id='word_1_219' title='bbox 1219 1453 1412 1488; x_wconf 88' lang='lat' dir='ltr'>ornatum</span> <span class='ocrx_word' id='word_1_220' title='bbox 1440 1463 1488 1488; x_wconf 82' lang='lat' dir='ltr'>ae</span> <span class='ocrx_word' id='word_1_221' title='bbox 1520 1448 1781 1501; x_wconf 86' lang='lat' dir='ltr'>splendorem</span> 
     </span>
     <span class='ocr_line' id='line_1_25' title="bbox 271 1504 1782 1552; baseline 0.001 -9"><span class='ocrx_word' id='word_1_222' title='bbox 271 1505 479 1544; x_wconf 82' lang='lat' dir='ltr'>interdum</span> <span class='ocrx_word' id='word_1_223' title='bbox 501 1504 692 1552; x_wconf 61' lang='lat' dir='ltr'>afferunt,</span> <span class='ocrx_word' id='word_1_224' title='bbox 715 1505 937 1544; x_wconf 89' lang='lat' dir='ltr'>dummodo</span> <span class='ocrx_word' id='word_1_225' title='bbox 959 1505 1145 1545; x_wconf 80' lang='lat' dir='ltr'>modeste</span> <span class='ocrx_word' id='word_1_226' title='bbox 1166 1505 1264 1544; x_wconf 89' lang='lat' dir='ltr'>illud</span> <span class='ocrx_word' id='word_1_227' title='bbox 1287 1506 1363 1545; x_wconf 88' lang='lat' dir='ltr'>fiat</span> <span class='ocrx_word' id='word_1_228' title='bbox 1384 1519 1431 1544; x_wconf 82' lang='lat' dir='ltr'>ae-</span> <span class='ocrx_word' id='word_1_229' title='bbox 1460 1504 1635 1544; x_wconf 84' lang='lat' dir='ltr'>ratione.</span> <span class='ocrx_word' id='word_1_230' title='bbox 1700 1504 1782 1544; x_wconf 88' lang='lat' dir='ltr'>Sed</span> 
     </span>
     <span class='ocr_line' id='line_1_26' title="bbox 270 1560 1384 1614; baseline 0.001 -15"><span class='ocrx_word' id='word_1_231' title='bbox 270 1561 438 1600; x_wconf 74' lang='lat' dir='ltr'>modum</span> <span class='ocrx_word' id='word_1_232' title='bbox 460 1566 587 1614; x_wconf 73' lang='lat' dir='ltr'>atque</span> <span class='ocrx_word' id='word_1_233' title='bbox 608 1561 731 1600; x_wconf 85' lang='lat' dir='ltr'>finem</span> <span class='ocrx_word' id='word_1_234' title='bbox 754 1560 942 1614; x_wconf 77' lang='lat' dir='ltr'>sophista</span> <span class='ocrx_word' id='word_1_235' title='bbox 964 1561 1184 1600; x_wconf 81' lang='lat' dir='ltr'>manifesto</span> <span class='ocrx_word' id='word_1_236' title='bbox 1205 1561 1384 1601; x_wconf 81' lang='lat' dir='ltr'>transiit.</span> 
     </span>
    </p>

    <p class='ocr_par' dir='ltr' id='par_1_4' title="bbox 268 1617 1783 2787">
     <span class='ocr_line' id='line_1_27' title="bbox 334 1617 1781 1670; baseline 0 -15"><span class='ocrx_word' id='word_1_237' title='bbox 334 1618 377 1656; x_wconf 70' lang='grc' dir='ltr'>Ι).</span> <span class='ocrx_word' id='word_1_238' title='bbox 416 1630 533 1669; x_wconf 75' lang='lat'>1399.</span> <span class='ocrx_word' id='word_1_239' title='bbox 577 1631 690 1668; x_wconf 78' lang='lat'>¹400·</span> <span class='ocrx_word' id='word_1_240' title='bbox 754 1617 951 1670; x_wconf 75' lang='lat' dir='ltr'>Sequitur</span> <span class='ocrx_word' id='word_1_241' title='bbox 995 1617 1219 1670; x_wconf 70' lang='lat' dir='ltr'>peroratiO,</span> <span class='ocrx_word' id='word_1_242' title='bbox 1262 1617 1393 1656; x_wconf 87' lang='lat' dir='ltr'>totius</span> <span class='ocrx_word' id='word_1_243' title='bbox 1439 1617 1638 1656; x_wconf 89' lang='lat' dir='ltr'>orationis</span> <span class='ocrx_word' id='word_1_244' title='bbox 1683 1631 1781 1669; x_wconf 82' lang='lat' dir='ltr'>pars</span> 
     </span>
     <span class='ocr_line' id='line_1_28' title="bbox 268 1672 1783 1726; baseline 0.001 -15"><span class='ocrx_word' id='word_1_245' title='bbox 268 1673 387 1713; x_wconf 75' lang='lat' dir='ltr'>faeile</span> <span class='ocrx_word' id='word_1_246' title='bbox 428 1673 684 1726; x_wconf 79' lang='lat' dir='ltr'>pulcerrima.</span> <span class='ocrx_word' id='word_1_247' title='bbox 750 1673 996 1726; x_wconf 73' lang='lat' dir='ltr'>Quanquuu</span> <span class='ocrx_word' id='word_1_248' title='bbox 1034 1688 1084 1712; x_wconf 88' lang='lat' dir='ltr'>ne</span> <span class='ocrx_word' id='word_1_249' title='bbox 1121 1673 1185 1712; x_wconf 81' lang='lat' dir='ltr'>hie</span> <span class='ocrx_word' id='word_1_250' title='bbox 1223 1673 1386 1726; x_wconf 74' lang='lat' dir='ltr'>quidem</span> <span class='ocrx_word' id='word_1_251' title='bbox 1429 1672 1595 1726; x_wconf 85' lang='lat' dir='ltr'>ineptiis</span> <span class='ocrx_word' id='word_1_252' title='bbox 1635 1677 1783 1712; x_wconf 86' lang='lat' dir='ltr'>orator</span> 
     </span>
     <span class='ocr_line' id='line_1_29' title="bbox 270 1729 1782 1798; baseline 0.002 -31"><span class='ocrx_word' id='word_1_253' title='bbox 270 1730 391 1782; x_wconf 85' lang='lat' dir='ltr'>plane</span> <span class='ocrx_word' id='word_1_254' title='bbox 423 1729 598 1772; x_wconf 88' lang='lat' dir='ltr'>destitit</span> <span class='ocrx_word' id='word_1_255' title='bbox 631 1734 678 1768; x_wconf 92' lang='lat' dir='ltr'>ut</span> <span class='ocrx_word' id='word_1_256' title='bbox 712 1742 879 1781; x_wconf 66' lang='lat'>1³·1399</span> <span class='ocrx_word' id='word_1_257' title='bbox 912 1734 1016 1768; x_wconf 61' lang='grc' dir='ltr'>(Χιικ</span> <span class='ocrx_word' id='word_1_258' title='bbox 1041 1745 1047 1767; x_wconf 87' lang='grc'>;</span> <span class='ocrx_word' id='word_1_259' title='bbox 1083 1730 1146 1770; x_wconf 79' lang='grc' dir='ltr'>ους</span> <span class='ocrx_word' id='word_1_260' title='bbox 1177 1730 1429 1798; x_wconf 79' lang='grc' dir='ltr'>παρέδρους</span> <span class='ocrx_word' id='word_1_261' title='bbox 1462 1730 1614 1770; x_wconf 82' lang='grc' dir='ltr'>εἰκότως</span> <span class='ocrx_word' id='word_1_262' title='bbox 1646 1729 1694 1768; x_wconf 78' lang='grc' dir='ltr'>ἄν</span> <span class='ocrx_word' id='word_1_263' title='bbox 1727 1745 1782 1770; x_wconf 83' lang='grc' dir='ltr'>τις</span> 
     </span>
     <span class='ocr_line' id='line_1_30' title="bbox 270 1775 1781 1837; baseline 0 -13"><span class='ocrx_word' id='word_1_264' title='bbox 270 1786 396 1836; x_wconf 81' lang='grc' dir='ltr'>φησαι</span> <span class='ocrx_word' id='word_1_265' title='bbox 427 1790 525 1826; x_wconf 78' lang='grc' dir='ltr'>τοῖς</span> <span class='ocrx_word' id='word_1_266' title='bbox 560 1785 675 1824; x_wconf 76' lang='grc' dir='ltr'>κάτω</span> <span class='ocrx_word' id='word_1_267' title='bbox 708 1775 831 1826; x_wconf 52' lang='grc' dir='ltr'>θεοῖς</span> <span class='ocrx_word' id='word_1_268' title='bbox 863 1785 973 1832; x_wconf 73' lang='grc' dir='ltr'>εἷιιιι,</span> <span class='ocrx_word' id='word_1_269' title='bbox 1006 1786 1074 1834; x_wconf 72' lang='grc' dir='ltr'>τὴν</span> <span class='ocrx_word' id='word_1_270' title='bbox 1105 1785 1222 1834; x_wconf 69' lang='grc' dir='ltr'>αὐτὴ]</span> <span class='ocrx_word' id='word_1_271' title='bbox 1253 1785 1358 1834; x_wconf 75' lang='grc' dir='ltr'>τάξιν</span> <span class='ocrx_word' id='word_1_272' title='bbox 1390 1785 1552 1837; x_wconf 76' lang='grc' dir='ltr'>ἔχοντας</span> <span class='ocrx_word' id='word_1_273' title='bbox 1583 1788 1661 1825; x_wconf 81' lang='grc' dir='ltr'>τοῖς</span> <span class='ocrx_word' id='word_1_274' title='bbox 1691 1801 1781 1835; x_wconf 88' lang='grc' dir='ltr'>προ-</span> 
     </span>
     <span class='ocr_line' id='line_1_31' title="bbox 273 1840 1781 1892; baseline 0 -13"><span class='ocrx_word' id='word_1_275' title='bbox 273 1858 393 1891; x_wconf 83' lang='grc' dir='ltr'>τεροις</span> <span class='ocrx_word' id='word_1_276' title='bbox 419 1842 579 1892; x_wconf 77' lang='grc' dir='ltr'>ἀγαθοῖς</span> <span class='ocrx_word' id='word_1_277' title='bbox 608 1840 795 1890; x_wconf 74' lang='grc' dir='ltr'>ἀνδριισιν</span> <span class='ocrx_word' id='word_1_278' title='bbox 818 1842 859 1880; x_wconf 89' lang='grc' dir='ltr'>ἐν</span> <span class='ocrx_word' id='word_1_279' title='bbox 886 1841 1067 1891; x_wconf 74' lang='grc' dir='ltr'>μακάρων</span> <span class='ocrx_word' id='word_1_280' title='bbox 1094 1858 1237 1890; x_wconf 83' lang='grc' dir='ltr'>νησοις.</span> <span class='ocrx_word' id='word_1_281' title='bbox 1270 1842 1317 1880; x_wconf 80' lang='grc' dir='ltr'>οὐ</span> <span class='ocrx_word' id='word_1_282' title='bbox 1348 1858 1432 1892; x_wconf 90' lang='grc' dir='ltr'>γαρ</span> <span class='ocrx_word' id='word_1_283' title='bbox 1465 1841 1570 1880; x_wconf 85' lang='grc' dir='ltr'>ἰδών</span> <span class='ocrx_word' id='word_1_284' title='bbox 1598 1857 1665 1881; x_wconf 86' lang='grc' dir='ltr'>τις</span> <span class='ocrx_word' id='word_1_285' title='bbox 1692 1840 1781 1880; x_wconf 81' lang='grc' dir='ltr'>οὐδὲ</span> 
     </span>
     <span class='ocr_line' id='line_1_32' title="bbox 271 1895 1782 1948; baseline -0.001 -12"><span class='ocrx_word' id='word_1_286' title='bbox 271 1899 357 1948; x_wconf 82' lang='grc' dir='ltr'>περὶ</span> <span class='ocrx_word' id='word_1_287' title='bbox 397 1899 553 1936; x_wconf 80' lang='grc' dir='ltr'>ἐκείνων</span> <span class='ocrx_word' id='word_1_288' title='bbox 589 1897 690 1936; x_wconf 66' lang='grc' dir='ltr'>ταῦτ’</span> <span class='ocrx_word' id='word_1_289' title='bbox 719 1896 978 1947; x_wconf 80' lang='grc' dir='ltr'>ἀπήγγελκεν,</span> <span class='ocrx_word' id='word_1_290' title='bbox 1012 1895 1100 1936; x_wconf 76' lang='grc' dir='ltr'>ἀλλ’</span> <span class='ocrx_word' id='word_1_291' title='bbox 1124 1897 1188 1938; x_wconf 76' lang='grc' dir='ltr'>οὓς</span> <span class='ocrx_word' id='word_1_292' title='bbox 1224 1899 1260 1936; x_wconf 82' lang='grc' dir='ltr'>οἱ</span> <span class='ocrx_word' id='word_1_293' title='bbox 1294 1901 1429 1944; x_wconf 78' lang='grc' dir='ltr'>ζῶντες</span> <span class='ocrx_word' id='word_1_294' title='bbox 1464 1898 1591 1946; x_wconf 75' lang='grc' dir='ltr'>ἀξίους</span> <span class='ocrx_word' id='word_1_295' title='bbox 1625 1896 1782 1945; x_wconf 85' lang='grc' dir='ltr'>ὑπειλή-</span> 
     </span>
     <span class='ocr_line' id='line_1_33' title="bbox 271 1953 1782 2007; baseline 0 -15"><span class='ocrx_word' id='word_1_296' title='bbox 271 1961 402 2003; x_wconf 68' lang='grc' dir='ltr'>φαμεν</span> <span class='ocrx_word' id='word_1_297' title='bbox 427 1957 502 1992; x_wconf 81' lang='grc' dir='ltr'>τῶν</span> <span class='ocrx_word' id='word_1_298' title='bbox 531 1954 609 1992; x_wconf 68' lang='grc' dir='ltr'>ἄνω</span> <span class='ocrx_word' id='word_1_299' title='bbox 638 1957 766 2002; x_wconf 67' lang='grc' dir='ltr'>τιμῶν,</span> <span class='ocrx_word' id='word_1_300' title='bbox 795 1954 950 1994; x_wconf 82' lang='grc' dir='ltr'>τούτους</span> <span class='ocrx_word' id='word_1_301' title='bbox 978 1955 1022 2007; x_wconf 79' lang='grc' dir='ltr'>τῇ</span> <span class='ocrx_word' id='word_1_302' title='bbox 1051 1955 1140 2007; x_wconf 78' lang='grc' dir='ltr'>δόξῃ</span> <span class='ocrx_word' id='word_1_303' title='bbox 1169 1954 1541 2002; x_wconf 76' lang='grc' dir='ltr'>καταμαντευόμενοι</span> <span class='ocrx_word' id='word_1_304' title='bbox 1573 1953 1682 1991; x_wconf 80' lang='grc' dir='ltr'>κάκεῖ</span> <span class='ocrx_word' id='word_1_305' title='bbox 1706 1956 1782 1992; x_wconf 81' lang='grc' dir='ltr'>τῶν</span> 
     </span>
     <span class='ocr_line' id='line_1_34' title="bbox 273 2008 1781 2060; baseline 0 -12"><span class='ocrx_word' id='word_1_306' title='bbox 273 2011 396 2048; x_wconf 77' lang='grc' dir='ltr'>αὐτῶν</span> <span class='ocrx_word' id='word_1_307' title='bbox 426 2013 543 2059; x_wconf 83' lang='grc' dir='ltr'>τιμῶν</span> <span class='ocrx_word' id='word_1_308' title='bbox 574 2008 751 2060; x_wconf 80' lang='grc' dir='ltr'>ἡγούμεθ’</span> <span class='ocrx_word' id='word_1_309' title='bbox 776 2009 911 2050; x_wconf 80' lang='grc' dir='ltr'>αὐτοὺς</span> <span class='ocrx_word' id='word_1_310' title='bbox 942 2008 1161 2060; x_wconf 81' lang='grc' dir='ltr'>τυγχάνειν.</span> <span class='ocrx_word' id='word_1_311' title='bbox 1228 2009 1277 2047; x_wconf 74' lang='lat' dir='ltr'>V.</span> <span class='ocrx_word' id='word_1_312' title='bbox 1301 2008 1507 2048; x_wconf 72' lang='lat' dir='ltr'>Sohaefer.</span> <span class='ocrx_word' id='word_1_313' title='bbox 1537 2008 1590 2047; x_wconf 85' lang='lat' dir='ltr'>ad</span> <span class='ocrx_word' id='word_1_314' title='bbox 1617 2008 1657 2047; x_wconf 90' lang='lat' dir='ltr'>h.</span> <span class='ocrx_word' id='word_1_315' title='bbox 1686 2008 1710 2047; x_wconf 92' lang='lat' dir='ltr'>l.</span> <span class='ocrx_word' id='word_1_316' title='bbox 1739 2012 1781 2048; x_wconf 76' lang='lat' dir='ltr'>et</span> 
     </span>
     <span class='ocr_line' id='line_1_35' title="bbox 272 2064 1781 2118; baseline 0.001 -16"><span class='ocrx_word' id='word_1_317' title='bbox 272 2066 429 2104; x_wconf 67' lang='lat' dir='ltr'>Censor</span> <span class='ocrx_word' id='word_1_318' title='bbox 445 2065 486 2103; x_wconf 92' lang='lat' dir='ltr'>in</span> <span class='ocrx_word' id='word_1_319' title='bbox 502 2065 716 2118; x_wconf 83' lang='lat' dir='ltr'>Eph..Jen.</span> <span class='ocrx_word' id='word_1_320' title='bbox 728 2065 894 2104; x_wconf 69' lang='lat' dir='ltr'>a.1b&#39;18.</span> <span class='ocrx_word' id='word_1_321' title='bbox 915 2065 1055 2118; x_wconf 83' lang='lat' dir='ltr'>Suppl.</span> <span class='ocrx_word' id='word_1_322' title='bbox 1073 2079 1112 2117; x_wconf 90' lang='lat' dir='ltr'>p.</span> <span class='ocrx_word' id='word_1_323' title='bbox 1132 2077 1195 2115; x_wconf 79' lang='lat'>27.</span> <span class='ocrx_word' id='word_1_324' title='bbox 1220 2065 1413 2104; x_wconf 72' lang='lat' dir='ltr'>Ueterum</span> <span class='ocrx_word' id='word_1_325' title='bbox 1431 2078 1560 2117; x_wconf 82' lang='lat' dir='ltr'>usque</span> <span class='ocrx_word' id='word_1_326' title='bbox 1576 2064 1629 2103; x_wconf 82' lang='lat' dir='ltr'>ad</span> <span class='ocrx_word' id='word_1_327' title='bbox 1646 2067 1781 2103; x_wconf 85' lang='lat' dir='ltr'>extre-</span> 
     </span>
     <span class='ocr_line' id='line_1_36' title="bbox 272 2120 1781 2174; baseline -0.001 -15"><span class='ocrx_word' id='word_1_328' title='bbox 272 2136 382 2159; x_wconf 87' lang='lat' dir='ltr'>mum</span> <span class='ocrx_word' id='word_1_329' title='bbox 406 2121 595 2174; x_wconf 89' lang='lat' dir='ltr'>spiritum</span> <span class='ocrx_word' id='word_1_330' title='bbox 617 2125 804 2160; x_wconf 88' lang='lat' dir='ltr'>mortuos</span> <span class='ocrx_word' id='word_1_331' title='bbox 826 2120 1009 2173; x_wconf 86' lang='lat' dir='ltr'>impense</span> <span class='ocrx_word' id='word_1_332' title='bbox 1030 2120 1186 2167; x_wconf 65' lang='lat' dir='ltr'>laudat„</span> <span class='ocrx_word' id='word_1_333' title='bbox 1210 2121 1454 2174; x_wconf 76' lang='lat' dir='ltr'>superstites</span> <span class='ocrx_word' id='word_1_334' title='bbox 1476 2120 1517 2158; x_wconf 90' lang='lat' dir='ltr'>in</span> <span class='ocrx_word' id='word_1_335' title='bbox 1539 2124 1781 2159; x_wconf 79' lang='lat' dir='ltr'>transcursu</span> 
     </span>
     <span class='ocr_line' id='line_1_37' title="bbox 273 2175 1781 2229; baseline 0.001 -16"><span class='ocrx_word' id='word_1_336' title='bbox 273 2177 389 2229; x_wconf 81' lang='lat' dir='ltr'>quasi</span> <span class='ocrx_word' id='word_1_337' title='bbox 426 2176 674 2223; x_wconf 63' lang='lat' dir='ltr'>consolatur„</span> <span class='ocrx_word' id='word_1_338' title='bbox 708 2181 755 2215; x_wconf 92' lang='lat' dir='ltr'>ut</span> <span class='ocrx_word' id='word_1_339' title='bbox 785 2176 1000 2215; x_wconf 81' lang='lat' dir='ltr'>imitentur</span> <span class='ocrx_word' id='word_1_340' title='bbox 1034 2176 1251 2216; x_wconf 84' lang='lat' dir='ltr'>adhortari</span> <span class='ocrx_word' id='word_1_341' title='bbox 1281 2191 1331 2215; x_wconf 88' lang='lat' dir='ltr'>ne</span> <span class='ocrx_word' id='word_1_342' title='bbox 1367 2190 1518 2229; x_wconf 89' lang='lat' dir='ltr'>operae</span> <span class='ocrx_word' id='word_1_343' title='bbox 1549 2175 1714 2228; x_wconf 86' lang='lat' dir='ltr'>quidem</span> <span class='ocrx_word' id='word_1_344' title='bbox 1744 2175 1781 2214; x_wconf 92' lang='lat' dir='ltr'>ei</span> 
     </span>
     <span class='ocr_line' id='line_1_38' title="bbox 268 2230 1780 2285; baseline -0.002 -13"><span class='ocrx_word' id='word_1_345' title='bbox 268 2238 348 2272; x_wconf 75' lang='lat' dir='ltr'>est.</span> <span class='ocrx_word' id='word_1_346' title='bbox 412 2233 460 2270; x_wconf 85' lang='lat' dir='ltr'>In</span> <span class='ocrx_word' id='word_1_347' title='bbox 490 2247 570 2285; x_wconf 86' lang='lat' dir='ltr'>quo</span> <span class='ocrx_word' id='word_1_348' title='bbox 599 2237 847 2285; x_wconf 78' lang='lat' dir='ltr'>argumento</span> <span class='ocrx_word' id='word_1_349' title='bbox 877 2236 923 2270; x_wconf 87' lang='lat' dir='ltr'>ut</span> <span class='ocrx_word' id='word_1_350' title='bbox 951 2232 1117 2271; x_wconf 88' lang='lat' dir='ltr'>uberius</span> <span class='ocrx_word' id='word_1_351' title='bbox 1144 2236 1272 2284; x_wconf 84' lang='lat' dir='ltr'>atque</span> <span class='ocrx_word' id='word_1_352' title='bbox 1299 2231 1537 2285; x_wconf 81' lang='lat' dir='ltr'>diligentius</span> <span class='ocrx_word' id='word_1_353' title='bbox 1561 2230 1703 2284; x_wconf 79' lang='lat' dir='ltr'>Lysias</span> <span class='ocrx_word' id='word_1_354' title='bbox 1731 2245 1780 2270; x_wconf 83' lang='lat' dir='ltr'>ae</span> 
     </span>
     <span class='ocr_line' id='line_1_39' title="bbox 274 2286 1780 2340; baseline -0.001 -14"><span class='ocrx_word' id='word_1_355' title='bbox 274 2289 396 2328; x_wconf 80' lang='lat' dir='ltr'>Plato</span> <span class='ocrx_word' id='word_1_356' title='bbox 425 2292 654 2333; x_wconf 70' lang='lat' dir='ltr'>versantur,</span> <span class='ocrx_word' id='word_1_357' title='bbox 681 2287 741 2326; x_wconf 85' lang='lat' dir='ltr'>ita</span> <span class='ocrx_word' id='word_1_358' title='bbox 769 2301 850 2325; x_wconf 89' lang='lat' dir='ltr'>non</span> <span class='ocrx_word' id='word_1_359' title='bbox 881 2286 1027 2326; x_wconf 81' lang='lat' dir='ltr'>dubito</span> <span class='ocrx_word' id='word_1_360' title='bbox 1056 2287 1152 2339; x_wconf 85' lang='lat' dir='ltr'>quin</span> <span class='ocrx_word' id='word_1_361' title='bbox 1184 2293 1280 2340; x_wconf 85' lang='lat' dir='ltr'>post</span> <span class='ocrx_word' id='word_1_362' title='bbox 1307 2302 1490 2340; x_wconf 78' lang='lat' dir='ltr'>pugnam</span> <span class='ocrx_word' id='word_1_363' title='bbox 1520 2287 1780 2326; x_wconf 84' lang='lat' dir='ltr'>Chaeronen-</span> 
     </span>
     <span class='ocr_line' id='line_1_40' title="bbox 272 2342 1780 2396; baseline -0.001 -13"><span class='ocrx_word' id='word_1_364' title='bbox 272 2359 358 2383; x_wconf 86' lang='lat' dir='ltr'>sem</span> <span class='ocrx_word' id='word_1_365' title='bbox 396 2343 670 2383; x_wconf 89' lang='lat' dir='ltr'>Demostheni</span> <span class='ocrx_word' id='word_1_366' title='bbox 706 2343 828 2395; x_wconf 87' lang='lat' dir='ltr'>hujus</span> <span class='ocrx_word' id='word_1_367' title='bbox 868 2342 925 2381; x_wconf 87' lang='lat' dir='ltr'>rei</span> <span class='ocrx_word' id='word_1_368' title='bbox 962 2342 1118 2382; x_wconf 80' lang='lat' dir='ltr'>exitum</span> <span class='ocrx_word' id='word_1_369' title='bbox 1155 2357 1278 2396; x_wconf 86' lang='lat' dir='ltr'>quam</span> <span class='ocrx_word' id='word_1_370' title='bbox 1313 2342 1562 2396; x_wconf 78' lang='lat' dir='ltr'>principium</span> <span class='ocrx_word' id='word_1_371' title='bbox 1598 2342 1780 2382; x_wconf 86' lang='lat' dir='ltr'>invenire</span> 
     </span>
     <span class='ocr_line' id='line_1_41' title="bbox 272 2397 1780 2449; baseline 0 -11"><span class='ocrx_word' id='word_1_372' title='bbox 272 2400 403 2439; x_wconf 89' lang='lat' dir='ltr'>multo</span> <span class='ocrx_word' id='word_1_373' title='bbox 433 2399 558 2439; x_wconf 86' lang='lat' dir='ltr'>fuerit</span> <span class='ocrx_word' id='word_1_374' title='bbox 589 2398 917 2438; x_wconf 59' lang='lat' dir='ltr'>difficilius—P.</span> <span class='ocrx_word' id='word_1_375' title='bbox 945 2411 1073 2449; x_wconf 78' lang='lat'>1400:</span> <span class='ocrx_word' id='word_1_376' title='bbox 1105 2397 1234 2447; x_wconf 64' lang='grc' dir='ltr'>Ὑμεῖς</span> <span class='ocrx_word' id='word_1_377' title='bbox 1264 2400 1303 2438; x_wconf 80' lang='grc' dir='ltr'>δὲ</span> <span class='ocrx_word' id='word_1_378' title='bbox 1334 2399 1615 2449; x_wconf 84' lang='grc' dir='ltr'>ἀποδυράμενοι</span> <span class='ocrx_word' id='word_1_379' title='bbox 1645 2399 1705 2438; x_wconf 82' lang='grc' dir='ltr'>καὶ</span> <span class='ocrx_word' id='word_1_380' title='bbox 1733 2400 1780 2438; x_wconf 80' lang='grc' dir='ltr'>τὰ</span> 
     </span>
     <span class='ocr_line' id='line_1_42' title="bbox 272 2453 1780 2507; baseline -0.001 -12"><span class='ocrx_word' id='word_1_381' title='bbox 272 2456 518 2507; x_wconf 81' lang='grc' dir='ltr'>προσήκοντα</span> <span class='ocrx_word' id='word_1_382' title='bbox 546 2456 593 2496; x_wconf 83' lang='grc' dir='ltr'>ὡς</span> <span class='ocrx_word' id='word_1_383' title='bbox 621 2454 695 2506; x_wconf 77' lang='grc' dir='ltr'>χρὴ</span> <span class='ocrx_word' id='word_1_384' title='bbox 725 2454 785 2493; x_wconf 79' lang='grc' dir='ltr'>καὶ</span> <span class='ocrx_word' id='word_1_385' title='bbox 813 2455 953 2503; x_wconf 88' lang='grc' dir='ltr'>νόμιμα</span> <span class='ocrx_word' id='word_1_386' title='bbox 983 2453 1213 2503; x_wconf 86' lang='grc' dir='ltr'>ποιήσαντες</span> <span class='ocrx_word' id='word_1_387' title='bbox 1241 2455 1383 2494; x_wconf 76' lang='grc' dir='ltr'>ἄπιτε.</span> <span class='ocrx_word' id='word_1_388' title='bbox 1447 2454 1569 2494; x_wconf 78' lang='lat' dir='ltr'>Plato</span> <span class='ocrx_word' id='word_1_389' title='bbox 1598 2454 1639 2493; x_wconf 87' lang='lat' dir='ltr'>in</span> <span class='ocrx_word' id='word_1_390' title='bbox 1664 2468 1780 2507; x_wconf 86' lang='lat' dir='ltr'>pero-</span> 
     </span>
     <span class='ocr_line' id='line_1_43' title="bbox 272 2509 1780 2560; baseline 0 -10"><span class='ocrx_word' id='word_1_391' title='bbox 272 2511 434 2552; x_wconf 81' lang='lat' dir='ltr'>ratione</span> <span class='ocrx_word' id='word_1_392' title='bbox 470 2510 683 2550; x_wconf 81' lang='lat' dir='ltr'>similiter:</span> <span class='ocrx_word' id='word_1_393' title='bbox 726 2514 793 2549; x_wconf 69' lang='grc' dir='ltr'>νῦν</span> <span class='ocrx_word' id='word_1_394' title='bbox 824 2512 864 2549; x_wconf 80' lang='grc' dir='ltr'>δὲ</span> <span class='ocrx_word' id='word_1_395' title='bbox 895 2509 964 2558; x_wconf 76' lang='grc' dir='ltr'>ἤδη</span> <span class='ocrx_word' id='word_1_396' title='bbox 995 2511 1100 2559; x_wconf 85' lang='grc' dir='ltr'>ὑμεῖς</span> <span class='ocrx_word' id='word_1_397' title='bbox 1136 2511 1197 2549; x_wconf 84' lang='grc' dir='ltr'>καὶ</span> <span class='ocrx_word' id='word_1_398' title='bbox 1228 2511 1344 2550; x_wconf 83' lang='grc' dir='ltr'>ἄλλοι</span> <span class='ocrx_word' id='word_1_399' title='bbox 1375 2510 1515 2552; x_wconf 79' lang='grc' dir='ltr'>πάντες</span> <span class='ocrx_word' id='word_1_400' title='bbox 1546 2512 1651 2560; x_wconf 83' lang='grc' dir='ltr'>κοινῇ</span> <span class='ocrx_word' id='word_1_401' title='bbox 1684 2512 1780 2550; x_wconf 81' lang='grc' dir='ltr'>κατὰ</span> 
     </span>
     <span class='ocr_line' id='line_1_44' title="bbox 273 2566 1779 2619; baseline -0.002 -12"><span class='ocrx_word' id='word_1_402' title='bbox 273 2570 339 2607; x_wconf 87' lang='grc' dir='ltr'>τὸν</span> <span class='ocrx_word' id='word_1_403' title='bbox 363 2570 482 2617; x_wconf 87' lang='grc' dir='ltr'>νόμον</span> <span class='ocrx_word' id='word_1_404' title='bbox 509 2568 597 2608; x_wconf 78' lang='grc' dir='ltr'>τοὺς</span> <span class='ocrx_word' id='word_1_405' title='bbox 618 2566 935 2614; x_wconf 86' lang='grc' dir='ltr'>τετελευτηκότας</span> <span class='ocrx_word' id='word_1_406' title='bbox 962 2566 1305 2616; x_wconf 79' lang='grc' dir='ltr'>ἀπολοφυράμενοι</span> <span class='ocrx_word' id='word_1_407' title='bbox 1330 2567 1472 2606; x_wconf 77' lang='grc' dir='ltr'>ἄπιτε.</span> <span class='ocrx_word' id='word_1_408' title='bbox 1536 2566 1681 2619; x_wconf 78' lang='lat' dir='ltr'>Lysias</span> <span class='ocrx_word' id='word_1_409' title='bbox 1702 2566 1779 2605; x_wconf 81' lang='lat' dir='ltr'>hoc</span> 
     </span>
     <span class='ocr_line' id='line_1_45' title="bbox 272 2621 1779 2676; baseline -0.002 -13"><span class='ocrx_word' id='word_1_410' title='bbox 272 2624 432 2664; x_wconf 86' lang='lat' dir='ltr'>omittit</span> <span class='ocrx_word' id='word_1_411' title='bbox 462 2623 581 2676; x_wconf 87' lang='lat' dir='ltr'>plane</span> <span class='ocrx_word' id='word_1_412' title='bbox 613 2627 738 2675; x_wconf 89' lang='lat' dir='ltr'>atque</span> <span class='ocrx_word' id='word_1_413' title='bbox 765 2621 1014 2675; x_wconf 58' lang='lat' dir='ltr'>Hyperides</span> <span class='ocrx_word' id='word_1_414' title='bbox 1038 2621 1070 2660; x_wconf 89' lang='lat' dir='ltr'>si</span> <span class='ocrx_word' id='word_1_415' title='bbox 1103 2622 1190 2674; x_wconf 83' lang='lat' dir='ltr'>ejus</span> <span class='ocrx_word' id='word_1_416' title='bbox 1221 2626 1356 2662; x_wconf 86' lang='lat' dir='ltr'>totam</span> <span class='ocrx_word' id='word_1_417' title='bbox 1386 2623 1584 2662; x_wconf 86' lang='lat' dir='ltr'>habemus</span> <span class='ocrx_word' id='word_1_418' title='bbox 1615 2635 1779 2675; x_wconf 82' lang='lat' dir='ltr'>perora-</span> 
     </span>
     <span class='ocr_line' id='line_1_46' title="bbox 273 2677 1780 2730; baseline -0.001 -11"><span class='ocrx_word' id='word_1_419' title='bbox 273 2680 451 2719; x_wconf 86' lang='lat' dir='ltr'>tionem:</span> <span class='ocrx_word' id='word_1_420' title='bbox 484 2679 612 2719; x_wconf 91' lang='lat' dir='ltr'>habet</span> <span class='ocrx_word' id='word_1_421' title='bbox 639 2693 734 2718; x_wconf 87' lang='lat' dir='ltr'>vero</span> <span class='ocrx_word' id='word_1_422' title='bbox 757 2677 1018 2730; x_wconf 69' lang='lat' dir='ltr'>Thucydides</span> <span class='ocrx_word' id='word_1_423' title='bbox 1043 2689 1077 2723; x_wconf 75' lang='lat'>2,</span> <span class='ocrx_word' id='word_1_424' title='bbox 1100 2680 1166 2725; x_wconf 74' lang='lat'>46.</span> <span class='ocrx_word' id='word_1_425' title='bbox 1197 2681 1264 2717; x_wconf 75' lang='grc' dir='ltr'>νῦν</span> <span class='ocrx_word' id='word_1_426' title='bbox 1292 2681 1332 2717; x_wconf 78' lang='grc' dir='ltr'>δὲ</span> <span class='ocrx_word' id='word_1_427' title='bbox 1362 2677 1706 2729; x_wconf 80' lang='grc' dir='ltr'>ἀπολοφυράμενοι</span> <span class='ocrx_word' id='word_1_428' title='bbox 1734 2677 1780 2717; x_wconf 85' lang='grc' dir='ltr'>ὃν</span> 
     </span>
     <span class='ocr_line' id='line_1_47' title="bbox 275 2733 1630 2787; baseline -0.002 -12"><span class='ocrx_word' id='word_1_429' title='bbox 275 2736 458 2787; x_wconf 85' lang='grc' dir='ltr'>προσήκει</span> <span class='ocrx_word' id='word_1_430' title='bbox 481 2737 640 2776; x_wconf 82' lang='grc' dir='ltr'>ἕκαστος</span> <span class='ocrx_word' id='word_1_431' title='bbox 662 2735 806 2776; x_wconf 79' lang='grc' dir='ltr'>ἄπιτε.</span> <span class='ocrx_word' id='word_1_432' title='bbox 830 2733 899 2773; x_wconf 90' lang='lat' dir='ltr'>ubi</span> <span class='ocrx_word' id='word_1_433' title='bbox 922 2733 1012 2772; x_wconf 89' lang='lat' dir='ltr'>libri</span> <span class='ocrx_word' id='word_1_434' title='bbox 1034 2733 1192 2786; x_wconf 78' lang='lat' dir='ltr'>aliquot</span> <span class='ocrx_word' id='word_1_435' title='bbox 1213 2734 1357 2787; x_wconf 89' lang='lat' dir='ltr'>optimi</span> <span class='ocrx_word' id='word_1_436' title='bbox 1380 2735 1630 2786; x_wconf 79' lang='grc' dir='ltr'>ἀποχωρεῖτε.</span> 
     </span>
    </p>

    <p class='ocr_par' dir='ltr' id='par_1_5' title="bbox 272 2788 1779 2955">
     <span class='ocr_line' id='line_1_48' title="bbox 333 2788 1779 2843; baseline -0.001 -14"><span class='ocrx_word' id='word_1_437' title='bbox 333 2792 448 2831; x_wconf 82' lang='lat' dir='ltr'>Haec</span> <span class='ocrx_word' id='word_1_438' title='bbox 485 2796 605 2831; x_wconf 89' lang='lat' dir='ltr'>eraut</span> <span class='ocrx_word' id='word_1_439' title='bbox 641 2805 745 2843; x_wconf 85' lang='lat' dir='ltr'>quae</span> <span class='ocrx_word' id='word_1_440' title='bbox 780 2790 832 2830; x_wconf 88' lang='lat' dir='ltr'>ad</span> <span class='ocrx_word' id='word_1_441' title='bbox 869 2789 1101 2842; x_wconf 88' lang='lat' dir='ltr'>opinionem</span> <span class='ocrx_word' id='word_1_442' title='bbox 1141 2804 1273 2829; x_wconf 86' lang='lat' dir='ltr'>meam</span> <span class='ocrx_word' id='word_1_443' title='bbox 1309 2790 1555 2829; x_wconf 79' lang='lat' dir='ltr'>firmandam</span> <span class='ocrx_word' id='word_1_444' title='bbox 1590 2788 1779 2829; x_wconf 83' lang='lat' dir='ltr'>afferrem</span> 
     </span>
     <span class='ocr_line' id='line_1_49' title="bbox 272 2844 1777 2898; baseline -0.001 -12"><span class='ocrx_word' id='word_1_445' title='bbox 272 2852 533 2897; x_wconf 58' lang='lat' dir='ltr'>argumenta.</span> <span class='ocrx_word' id='word_1_446' title='bbox 598 2846 756 2896; x_wconf 76' lang='lat' dir='ltr'>Quibus</span> <span class='ocrx_word' id='word_1_447' title='bbox 794 2859 894 2898; x_wconf 80' lang='lat' dir='ltr'>quas</span> <span class='ocrx_word' id='word_1_448' title='bbox 934 2850 1278 2885; x_wconf 82' lang='lat' dir='ltr'>eolnmonstrasse</span> <span class='ocrx_word' id='word_1_449' title='bbox 1317 2845 1416 2884; x_wconf 82' lang='lat' dir='ltr'>mihi</span> <span class='ocrx_word' id='word_1_450' title='bbox 1457 2845 1596 2885; x_wconf 85' lang='lat' dir='ltr'>videor</span> <span class='ocrx_word' id='word_1_451' title='bbox 1635 2844 1777 2884; x_wconf 80' lang='lat' dir='ltr'>inanes</span> 
     </span>
     <span class='ocr_line' id='line_1_50' title="bbox 274 2900 1775 2955; baseline -0.001 -13"><span class='ocrx_word' id='word_1_452' title='bbox 274 2903 513 2953; x_wconf 65' lang='lat' dir='ltr'>argutiolas,</span> <span class='ocrx_word' id='word_1_453' title='bbox 549 2902 783 2955; x_wconf 82' lang='lat' dir='ltr'>opinionum</span> <span class='ocrx_word' id='word_1_454' title='bbox 825 2901 1152 2955; x_wconf 71' lang='lat' dir='ltr'>perversitatem,</span> <span class='ocrx_word' id='word_1_455' title='bbox 1194 2906 1533 2955; x_wconf 72' lang='lat' dir='ltr'>argumentorum</span> <span class='ocrx_word' id='word_1_456' title='bbox 1574 2900 1775 2941; x_wconf 77' lang='lat' dir='ltr'>confusio-</span> 
     </span>
    </p>
   </div>
  </div>
 </body>
</html>
