1935 3200
267 145 378 184 1358
766 141 828 180 IN
861 137 1277 180 THEOCRINEM.

326 261 447 302 1342,
471 249 507 287 8.
539 247 577 285 τί
604 248 678 297 γὰρ
709 246 758 284 ἄν
788 262 845 287 τις
877 263 908 284 κ.
928 261 961 284 τ.
983 246 1038 295 λ.]
1065 243 1175 283 Vide
1200 240 1436 281 Victor-ium
1466 239 1567 279 Var.
1593 238 1710 279 Lect.
1745 251 1774 277 1.

272 316 334 345 12.
370 302 630 343 TAYLOR.

331 372 446 414 1342,
472 373 535 399 10.
560 356 719 411 ἐκεῖνοι]
745 356 911 397 Scilicet
933 357 969 396 οἱ
990 356 1210 396 ἀδικοῦντες
1232 354 1302 403 τὴν
1327 355 1454 393 πόλιν.
1487 351 1681 391 REISK.

327 429 446 469 1342,
473 424 537 469 15.
561 414 649 455 τοὺς
676 416 749 463 μὲν
776 412 1066 454 ἄλλους-τοὺς
1093 410 1311 461 μὲν-τοὺς
1332 409 1508 450 δ’-τοὺς
1533 407 1712 449 δ’-τοὺς
1737 408 1779 446 δὲ

266 472 534 523 τοιούτους-]
564 469 758 509 Notabile
789 468 1022 522 exemplum
1053 482 1152 506 usus
1182 465 1526 514 accusativorum,
1559 463 1627 517 qui
1658 464 1779 517 vulgo

266 528 463 568 dicuntur
489 526 669 566 absoluti
698 540 729 565 s.
754 526 1010 579 pendentes:
1045 523 1095 563 de
1124 537 1299 576 quorum
1326 522 1489 562 ratione
1515 519 1670 574 passim
1699 520 1779 559 dis-

266 584 423 638 putavi.
486 583 541 622 V.
565 583 619 622 ad
647 597 686 635 p.
716 594 831 627 1222,
858 594 921 634 23.
950 593 1070 631 1229,
1092 583 1156 619 16.
1185 589 1302 633 1253,
1328 589 1363 630 7.
1393 580 1512 630 1326,
1536 578 1574 617 6.
1636 577 1779 629 Atque

266 641 306 680 h.
336 641 361 680 l.
396 639 584 693 inprimis
619 638 920 678 advertendum
957 636 1066 690 quod
1101 640 1245 675 orator
1280 635 1356 674 hos
1396 632 1657 674 accusativos
1692 637 1780 672 tam

266 710 479 750 opponens
510 695 619 735 inter
649 709 692 734 se
724 695 805 734 duo
835 694 1022 733 membra
1050 693 1156 743 (τοὺς
1185 693 1258 741 μὲν
1285 694 1503 738 &move—9
1524 689 1610 730 τοὺς
1635 690 1676 728 δὲ
1704 705 1779 728 τοι-

267 754 476 803 ούτους-)
501 766 626 805 quam
649 751 764 805 prius
790 750 1021 790 membrum
1049 747 1264 801 tripertito
1292 747 1478 786 dividens
1503 745 1609 798 (τοὺς
1635 745 1780 794 μὲν-,

266 809 353 850 τοὺς
383 807 487 856 δ’-,
508 808 596 850 τοὺς
626 807 735 859 ὃ’-)
774 807 834 847 ita
868 804 1154 852 accumulavit,
1192 808 1239 843 ut
1274 803 1481 857 periodus,
1517 799 1781 854 quantumvis

267 865 557 914 σολοικοφανὴς
596 863 799 912 videatur,
836 868 977 903 tamen
1019 860 1170 901 eximia
1209 859 1490 899 concinnitate
1529 857 1669 897 vincta
1710 856 1776 896 sit.

269 920 519 961 SCHAEF.

332 989 449 1031 1342,
478 988 540 1028 17.
563 977 651 1018 τοὺς
671 976 758 1028 μὲν]
788 973 1053 1028 Intelligendi
1074 974 1198 1013 fures.
1232 970 1482 1013 SCHAEF.

325 1031 482 1086 σώζειν]
508 1032 692 1072 Subaudi
715 1033 826 1079 αὐτὰ,
850 1030 1007 1071 scilicet
1028 1032 1075 1069 τὰ
1101 1031 1211 1069 οἴκοι.
1244 1027 1496 1069 SCHAEF.

324 1089 412 1131 τοὺς
433 1088 479 1140 δ’]
507 1088 770 1142 Intelligendi
792 1086 984 1127 nocturni
1004 1090 1275 1140 grassatores.
1310 1082 1559 1124 SCHAEF.

329 1158 449 1196 1342,
470 1158 534 1185 22.
560 1146 732 1184 αἱ-τῶν
753 1145 888 1184 ἄλλων
910 1142 1148 1192 ἀδικημάτων
1172 1140 1406 1192 καταφυγαὶ]
1429 1139 1483 1178 V.
1507 1153 1612 1192 quae
1633 1136 1779 1191 scripsi

268 1202 323 1242 ad
346 1200 523 1240 Porsoni
545 1201 683 1241 Orest.
708 1215 744 1240 v,
766 1211 863 1251 442.
886 1203 927 1239 et
950 1209 1044 1250 714.
1079 1196 1328 1238 SOHAEF.

331 1270 450 1312 1342,
477 1269 497 1297 2
535 1288 542 1295 .
565 1256 880 1306 ἀναμνησθέντες
901 1255 1050 1307 οὖν-]
1087 1254 1291 1293 Inchoata
1321 1251 1387 1291 hic
1411 1251 1559 1298 oratio,
1583 1265 1658 1305 per
1677 1250 1779 1289 mul-

269 1318 336 1354 tas
371 1314 568 1367 ambages
608 1317 881 1366 posteaquam
917 1315 982 1351 est
1017 1309 1301 1350 circumducta
1337 1313 1379 1348 et
1417 1322 1492 1362 per
1531 1307 1780 1347 maeandros

271 1369 389 1423 quasi
425 1369 702 1409 irremeabiles
739 1368 956 1415 distracta,
993 1367 1163 1406 tandem
1199 1370 1339 1406 tamen
1371 1379 1409 1418 p.
1435 1376 1553 1419 1343,
1585 1377 1651 1405 21.
1680 1362 1722 1402 111
1742 1377 1779 1403 v.

269 1426 495 1476 βοηθήσατε
516 1429 742 1465 renovatur
762 1429 890 1478 atque
911 1423 1152 1464 absolvitur.
1195 1421 1388 1461 REISK.

333 1495 452 1535 1343,
478 1495 509 1521 1.
542 1482 797 1533 ἐστεφάνωσε
829 1481 897 1530 τὴν
928 1480 1063 1532 πόλιν]
1113 1479 1219 1518 Nam
1256 1476 1454 1517 victoriae
1491 1477 1615 1516 decus
1646 1475 1780 1515 victor

270 1552 363 1578 cum
384 1538 523 1591 patria
543 1536 889 1577 communicabat.
933 1535 1180 1577 SCHAEF.

332 1608 452 1648 1343,
478 1607 513 1634 2.
539 1596 669 1644 ἐπεικῆ
692 1592 827 1646 δόξαν]
867 1593 977 1633 Satis
993 1592 1158 1646 syloa-iae.
1201 1589 1449 1631 SCHAEF.

332 1664 451 1705 1343,
475 1664 513 1704 3.
545 1652 682 1700 ταύτης
713 1653 777 1698 τῆς
806 1651 974 1701 πόλεως]
1022 1648 1197 1687 Sensus:
1230 1646 1394 1700 juribus
1431 1644 1579 1685 civium
1612 1644 1779 1685 Attico-

271 1721 375 1753 rum,
399 1710 463 1756 τῆς
483 1707 695 1748 πολιτείας.
732 1705 978 1745 SCHAEF.

332 1776 452 1816 1343,
467 1776 506 1814 5.
521 1761 821 1813 Ἀριστοκράτης
842 1763 861 1800 ὁ
879 1760 1150 1813 Σκελλίου-]
1175 1759 1227 1797 V.
1246 1759 1519 1812 Aristophan.
1540 1757 1618 1797 Av.
1632 1758 1721 1798 126.
1737 1760 1780 1796 et

272 1820 397 1859 schol.
412 1819 465 1858 ad
482 1819 628 1858 locum.
653 1817 912 1857 TAYLOR.
963 1817 1288 1856 Demosthenem
1306 1815 1345 1855 h.
1361 1815 1385 1854 1.
1403 1813 1603 1853 memoria
1618 1813 1781 1867 lapsum

271 1875 538 1929 reprehendit
567 1874 759 1914 Valesius
794 1872 1014 1913 Emendat.
1043 1887 1082 1926 p.
1105 1873 1195 1912 108.
1247 1871 1363 1911 Conf.
1390 1870 1621 1910 Palmerius
1650 1869 1780 1909 Exer-

272 1932 387 1972 citat.
419 1946 457 1985 p.
491 1932 585 1981 648.
622 1930 818 1970 REISK.
898 1928 1125 1968 Hominem
1161 1931 1458 1968 commemorat
1493 1926 1621 1966 etiam
1654 1925 1780 1966 Plato

274 1988 401 2027 Gora.
426 2002 465 2040 p.
487 1999 584 2039 472.
608 1987 735 2035 Hst„
757 1987 811 2026 ad
834 2000 871 2039 q.
897 1985 921 2024 l.
939 2000 975 2024 v.
1000 1984 1220 2024 Heindorf.
1244 1999 1282 2037 p.
1310 1984 1375 2023 86.
1418 1982 1663 2023 SOHAEF.

334 2020 457 2097 1343,
479 2046 517 2082 6.
540 2044 599 2093 οὗ]
636 2043 761 2082 Refer
781 2041 1162 2093 3,(1Ἄριστοκράτης.
1207 2039 1453 2080 SCHAEF.

334 2113 453 2152 1343,
484 2100 520 2138 8.
552 2098 907 2149 τὴνἨετιώνειαν]
954 2097 1191 2150 Stephanus
1229 2096 1327 2149 Byz.
1356 2097 1475 2138 οὕτως
1508 2095 1530 2144 ἡ
1567 2093 1680 2145 ἑτέρα
1714 2096 1782 2133 τοῦ

274 2155 489 2205 Πειραιέως
519 2155 616 2205 ἄκρα
647 2155 722 2193 ἀπὸ
743 2155 967 2195 Ἠετίωνος.
1002 2153 1190 2192 WOLF.
1254 2151 1460 2191 Memoria
1498 2151 1659 2203 lapsum
1691 2163 1781 2190 esse

275 2210 613 2257 Demosthenem,
656 2209 740 2249 sive
777 2209 1008 2263 quicunque
1047 2208 1175 2248 fuerit
1221 2212 1369 2247 auctor
1408 2207 1530 2259 hujus
1566 2205 1778 2254 orationis,

274 2266 460 2306 ostendit
483 2264 675 2304 Valesius
696 2278 734 2316 4.
760 2264 983 2304 Emendat.
1009 2274 1045 2316 7.
1066 2278 1116 2303 ex
1138 2263 1376 2316 Thucydide
1400 2264 1436 2310 8,
1456 2263 1521 2313 89,
1544 2275 1627 2313 90.,
1649 2266 1694 2301 et
1714 2275 1780 2301 res

274 2327 415 2376 gestas
449 2321 524 2360 sub
557 2320 694 2361 CCCC
729 2334 804 2373 per
838 2319 1158 2373 incogitantiam
1189 2318 1399 2372 applicare
1431 2318 1485 2358 ad
1520 2317 1779 2357 dominatum

275 2377 607 2418 XXXviralem.
651 2375 909 2415 TAYLOR.
986 2375 1040 2414 V.
1079 2375 1321 2428 Kruegerus
1363 2374 1641 2414 Commentat.
1682 2377 1780 2427 post

276 2433 463 2487 Dionysii
488 2432 625 2473 Halic.
650 2431 1041 2485 Historiographica
1061 2445 1101 2484 p.
1125 2431 1220 2484 383.
1265 2431 1524 2470 SCHAEF.

335 2503 455 2544 1343,
475 2503 538 2530 10.
560 2491 596 2529 οἱ
617 2489 704 2539 περὶ
725 2486 904 2541 Κριτίαν]
931 2487 984 2526 V.
1004 2487 1244 2540 Kruegerus
1266 2486 1291 2525 l.
1313 2501 1348 2526 c.
1370 2501 1410 2540 p.
1433 2497 1529 2540 374.
1566 2485 1780 2526 SOHAE-

277 2546 407 2586 FER.

335 2615 545 2656 1343,11.
591 2604 748 2640 καθεῖλε
792 2601 864 2650 μὲν
904 2599 946 2639 τὸ
989 2598 1253 2652 ἐπιτείχισμα]
1308 2598 1360 2639 V.
1397 2598 1582 2652 Thucyd.
1628 2599 1666 2647 8,
1710 2610 1776 2651 92.

278 2658 527 2700 SOHAEF.

336 2728 455 2768 1343,
482 2728 546 2754 12.
577 2713 771 2754 τοιούτους
807 2711 1017 2764 κινδύνους]
1061 2710 1326 2759 Discrimina,
1364 2709 1504 2764 qualia
1543 2724 1653 2749 nunc
1691 2709 1778 2750 adi-

273 2786 376 2810 mus.
411 2770 612 2810 REISK.
675 2769 724 2808 In
746 2767 894 2821 quibus
916 2767 985 2820 qui
1008 2766 1121 2807 cadit
1141 2767 1190 2806 fit
1216 2768 1359 2817 ἄτιμος.
1402 2766 1662 2806 SCHAEF.

340 2839 539 2881 1343,13.
563 2824 855 2866 ἔπαυσε-τοὺς
886 2823 1231 2875 ἐπιβουλεύοντας]
1282 2822 1467 2863 Subaudi
1500 2822 1777 2871 ἐπιβουλεύον-

276 2899 356 2926 τας.
402 2882 602 2935 Dialogus
625 2879 863 2921 Socraticus
880 2879 1008 2933 Eryx.
1025 2893 1062 2932 p.
1078 2891 1168 2918 100.
1184 2879 1280 2919 edit.
1297 2878 1478 2918 Boeckh.
1496 2877 1564 2918 τὸν
1585 2880 1777 2918 νοσοῦντα
