1935 3200
272 89 372 124 1492

265 188 464 229 Philtiades,
497 190 630 224 Ctesiae
660 191 762 230 filius,
794 191 987 270 lepetaeo-

311 236 428 269 nensis
460 247 538 280 929,
567 246 621 280 25.
656 248 689 280 p.
714 246 848 281 935,1.
894 242 989 281 pater

310 282 383 325 eius
403 281 566 315 Ctesicles
585 283 786 326 appellatur.

266 320 396 360 Phlius
421 327 729 372 Phliasiiquidam,
745 334 820 361 orta
831 328 988 362 domisem

311 373 440 406 ditione
464 373 708 418 caedibusque,
733 374 888 407 Athenas
907 386 988 407 con-

311 419 490 462 fugiebant
508 425 540 453 et
557 421 682 453 tutelae
696 420 824 453 Athen.
844 432 880 453 se
895 432 989 453 com-

311 465 505 504 mittebant,
524 466 627 509 paulo
653 472 731 499 ante
752 477 855 510 quain
882 466 990 499 oratio

312 510 353 543 de
377 523 484 544 censu
511 511 603 556 [περὶ
631 511 835 556 συντάξεως]
862 511 988 544 dicere-

311 562 369 589 tur
401 566 476 601 175,
503 557 556 590 26.
596 557 735 590 Phliasii
764 557 990 591 Tricaranum

311 603 510 646 repetebant
529 603 606 643 206,
619 603 650 636 6.

267 647 462 682 Phocenses
497 649 569 682 sine
603 649 870 682 Atheniensium
910 661 989 693 pro-

311 695 458 728 tectione
475 695 562 728 tueri
577 707 640 728 sua
657 695 847 740 nequibant
865 695 917 735 16,
934 707 988 728 21.

311 740 440 774 bellum
459 740 624 774 adversus
646 752 703 774 eos
729 748 911 783 gesturum
936 753 988 775 re-

312 787 394 829 cipit
433 787 609 820 Thessalis
652 786 845 831 Philippus,
882 799 990 832 eoque

313 832 378 865 sibi
407 844 464 866 eos
491 832 650 877 adjungit
678 844 732 872 20,
757 846 789 874 4.
832 833 985 867 Phocen-

312 878 403 911 sium
432 884 553 922 coepta
582 890 661 912 cum
692 879 837 923 probare
870 880 989 924 nequi-

312 930 388 957 rent
415 924 656 964 Athenienses,
687 931 804 958 tamen
833 937 891 958 eos
920 937 990 958 ser-

313 976 409 1003 vatos
433 971 618 1014 cupiebant
645 982 722 1014 231,
746 982 773 1004 1.
802 982 870 1015 qua
894 971 989 1015 flagi-

312 1016 498 1049 tiosissima
531 1016 712 1050 Aeschinis
744 1016 865 1050 fraude
900 1016 990 1049 Pho-

312 1073 431 1095 censes
459 1062 617 1106 Philippo
635 1062 751 1096 traditi
776 1069 808 1095 et
832 1062 991 1096 funditus

313 1107 414 1141 deleti
447 1108 586 1147 fueiint,
620 1108 778 1151 pluribus
808 1109 992 1152 exponitur

313 1163 393 1198 357,
423 1165 463 1187 22
489 1166 563 1198 sqq.
618 1154 719 1187 Conf.
762 1165 903 1206 1).113,
939 1164 990 1198 17.

312 1211 416 1244 quare
443 1199 624 1243 Philippus
650 1211 707 1233 eos
734 1200 769 1232 in
795 1200 991 1233 societatem

312 1246 365 1278 sui
383 1257 463 1278 611111
481 1245 754 1279 Atheniensibus
768 1245 913 1279 foederis
931 1245 991 1279 ad—

312 1292 446 1324 mittere
473 1292 622 1324 noluerit
652 1303 730 1335 443,
755 1292 787 1325 S.
826 1292 878 1325 bis
910 1291 990 1325 Phi—

312 1338 426 1381 lippus
446 1338 574 1381 proelio
592 1338 672 1371 vicit
693 1337 910 1377 Phocenses3
938 1350 989 1371 se-

312 1384 379 1416 mel
414 1384 528 1427 copias
562 1395 681 1416 eorum
714 1383 870 1417 mercede
908 1395 989 1417 con—

313 1429 433 1462 ductas
453 1441 533 1462 cum
552 1430 638 1462 duce
655 1429 878 1463 Onomarcho
896 1436 991 1463 extra

314 1475 503 1508 Phocidem
521 1481 553 1509 et
573 1476 686 1520 Pylas,
704 1476 830 1509 iterum
847 1476 883 1509 in
906 1476 990 1519 ipsis

311 1533 432 1555 eorum
451 1522 578 1555 finibus
602 1533 659 1555 eos
678 1522 758 1555 vicit
783 1527 885 1566 atque
910 1523 989 1555 sun-

313 1567 406 1600 ditus
421 1567 544 1601 delevit
562 1579 641 1611 443,
658 1577 712 1609 25.
732 1567 798 1609 446
816 1568 890 1601 init.

268 1613 449 1652 Phocides,
469 1625 572 1658 quem
590 1625 756 1646 accusans
775 1614 990 1658 Aristogiton

313 1659 461 1703 perdidit
482 1660 559 1703 781,
579 1669 629 1703 17.

268 1705 432 1744 Phocion,
459 1706 644 1749 imperator
666 1705 930 1738 Atheniensium
956 1706 991 1738 in

313 1751 528 1795 expeditione
544 1751 698 1784 Euboica
716 1751 794 1795 567,
814 1761 863 1795 17.

268 1797 462 1837 Phocritus,
491 1797 692 1842 ByzantiuS,
712 1797 754 1830 ab
774 1797 942 1840 Apaturio
960 1804 992 1830 et

313 1843 527 1876 Parmenone
546 1843 672 1876 arbiter
690 1843 842 1876 delectus
860 1844 939 1887 897,
959 1855 989 1876 2.

267 1889 437 1922 Phoenice
455 1902 473 1922 a
493 1889 605 1922 Persis
625 1889 767 1922 subacta
789 1889 863 1928 160,
883 1901 914 1933 9.

268 1935 441 1974 Phormio,
462 1942 586 1975 orator,
606 1936 664 1979 qui
688 1947 750 1979 pro
768 1935 991 1978 Apsephione

317 1981 476 2025 Bathippi
507 1982 576 2014 filio
603 1981 721 2014 dicens
752 1981 906 2024 Leptinis
936 1993 990 2014 ro-

312 2027 485 2067 gationem
510 2027 551 2061 de
577 2027 737 2060 tollendis
763 2027 990 2060 immunitati-

311 2073 377 2106 bus
418 2073 636 2118 impugnavit
669 2083 747 2117 451.
790 2085 925 2117 argum.
958 2084 989 2117 9.

315 2128 461 2162 453=14-
844 2164 849 2169 ,
920 2165 924 2169 ,

267 2164 442 2203 Phormio,
466 2165 502 2198 in
528 2165 705 2197 ditissimis
724 2165 990 2197 Atheniensmm

313 2210 391 2253 565,
410 2221 461 2243 12.

268 2255 430 2288 Phormio
464 2256 770 2299 Cephisophontis,
800 2255 990 2288 Piraeensis

313 2311 392 2345 927,
413 2312 466 2334 22.

267 2346 441 2386 Phormio,
469 2348 672 2390 negotiator,
692 2347 726 2379 in
748 2358 851 2391 quem
878 2345 989 2390 Chry-

312 2393 444 2436 sippus,
464 2394 522 2437 qui
548 2405 603 2426 aes
625 2393 653 2426 ei
679 2393 713 2425 in
739 2393 861 2425 foenus
880 2392 988 2425 credi-

312 2438 418 2475 derat.
439 2439 508 2483 agit
526 2451 574 2471 or.
595 2448 673 2483 907.
693 2438 735 2471 ad
753 2449 818 2482 922

268 2484 442 2521 Phormio,
461 2485 634 2527 trapezita,
654 2484 796 2517 libertus
820 2483 987 2521 Pasicliis,

312 2531 345 2563 in
374 2531 472 2574 cujus
507 2530 667 2568 fortunis,
694 2530 863 2569 moribus,
894 2529 988 2562 omni

312 2576 458 2620 denique
476 2578 545 2609 vita
562 2577 693 2609 multus
712 2583 762 2608 est
782 2575 987 2608 Demosthe-

312 2634 384 2672 nes,
404 2623 542 2655 alternis
568 2627 746 2655 accusator
767 2628 799 2654 ct
817 2621 988 2659 defensor,

311 2668 345 2700 in
373 2668 599 2707 orationibus,
620 2679 691 2700 una
715 2679 777 2711 p10
800 2678 840 2700 eo
866 2678 883 2699 a
909 2678 987 2710 944.

310 2715 353 2746 ad
379 2713 457 2757 963.
489 2714 658 2756 pluribus
685 2725 770 2763 quas
799 2712 987 2756 A-pollodo

312 2771 383 2798 1113,
413 2759 567 2792 Ρ’13“101113
594 2759 696 2797 filius,
723 2771 757 2791 m
784 2770 864 2791 611111
891 2757 988 2795 dixit,

312 2812 350 2837 ut
382 2805 447 2837 illis
478 2805 511 2837 in
544 2805 613 2837 ste
607 2805 759 2848 11111111111
787 2816 805 2836 a
838 2816 871 2847 p.
891 2814 987 2836 1101.

312 2850 353 2883 ad
383 2862 414 2893 p.
439 2860 535 2893 1137
571 2850 703 2883 decimo
731 2849 871 2899 demum
899 2860 989 2882 anno

311 2908 329 2928 a
372 2896 446 2928 Pas
432 2908 508 2928 10111
513 2908 527 2929 s
568 2907 711 2928 excessu
748 2897 805 2939 jus
844 2895 989 2928 enitatis

762 91 930 126 INDEX
963 92 1279 129 HISTORICUS

1092 192 1237 235 adeptus
1271 198 1333 230 est,
1367 192 1544 226 Arcnonte
1578 193 1772 228 Nicodemo

1096 248 1194 281 1132,
1215 238 1268 271 26.
1305 237 1463 282 Byzantii
1484 250 1588 273 naves
1614 240 1687 284 ejus
1712 240 1771 273 ali-

1093 283 1234 327 quando
1260 284 1481 323 attinuerant,
1501 297 1649 329 quarum
1670 298 1771 329 expe-

1094 329 1300 363 diendarum
1317 330 1427 373 gratia
1445 310 1610 364 Phormio
1626 331 1771 374 Stepha-

1093 386 1179 408 num
1197 375 1290 408 misit
1307 376 1387 408 illuc
1410 387 1508 415 1121,
1525 387 1556 410 2.
1590 376 1682 409 idem
1697 376 1772 410 Ste-

1093 420 1230 464 phanus
1257 433 1416 454 caussam
1443 421 1662 456 Phormionis
1680 434 1722 466 ap
1725 423 1773 456 ud

1095 466 1347 500 Chalcedonics
1366 467 1452 500 dixit
1474 467 1558 501 ibid.
1609 468 1773 502 Phormio

1094 513 1292 556 privignum
1311 513 1592 556 Apollodorum
1585 525 1621 547 111
1641 513 1773 558 judicio

1094 570 1113 590 v
1116 558 1174 591 icit
1193 570 1204 591 1
1217 570 1291 592 101.
1318 559 1494 603 quomodo
1507 565 1652 593 matrem
1666 560 1773 611 Apol-

1093 604 1215 644 lodori,
1245 604 1318 637 heri
1344 604 1521 649 quondam
1554 616 1711 645 uxorem,
1738 606 1774 639 in

1093 661 1137 682 m
1133 650 1353 683 iti-imoniuin
1373 650 1509 684 duxerit
1530 662 1628 691 1102,
1647 663 1698 685 10.

1049 695 1224 735 Phormio,
1244 696 1414 735 trieraula,
1434 708 1510 730 serv
1512 709 1554 731 us
1574 707 1651 742 270,
1668 708 1720 741 13

1049 741 1209 775 Phrasias
1232 742 1397 785 1236,18.

1049 787 1290 827 Phrasiclides,
1313 800 1381 832 quo
1399 788 1576 822 Archonte
1601 800 1668 833 pax
1693 801 1774 823 cum

1096 833 1375 867 Lacedaemoniis
1400 835 1479 867 coiit
1501 843 1599 879 1357,
1620 843 1672 879 15.
1709 836 1773 868 cir-

1095 879 1179 912 citer
1202 880 1259 912 illo
1286 892 1388 919 anno,
1415 892 1484 925 quo
1511 880 1773 914 Lacedaemonii

1095 925 1270 968 ingentem
1289 926 1381 959 illam
1407 926 1449 959 ad
1478 926 1624 960 Leuctra
1641 926 1774 960 cladem

1095 971 1317 1015 accipiebant.

1051 1016 1294 1057 Phrasierides,
1313 1017 1418 1051 homo
1439 1030 1481 1051 ne
1505 1018 1678 1062 ingenuus
1697 1019 1772 1063 qui-

1095 1062 1185 1101 dem,
1211 1063 1247 1095 in
1272 1063 1444 1096 Timothei
1469 1065 1614 1108 gratiam
1638 1064 1773 1098 civitate

1096 1107 1245 1141 donatur
1263 1108 1341 1148 688,
1360 1122 1392 1150 4.
1416 1121 1514 1154 1197,
1533 1121 1566 1154 3.
1593 1110 1771 1155 Anaphly-

1096 1155 1182 1187 stius
1206 1166 1303 1199 1219,
1320 1166 1374 1195 20,

1050 1199 1214 1233 Phrastor
1231 1200 1436 1242 Aegiliensis
1458 1202 1557 1244 1362,
1576 1202 1596 1233 8
1616 1213 1666 1245 sq.

1050 1245 1215 1290 PhryniO,
1251 1247 1420 1280 Demonis
1454 1247 1544 1280 filius
1578 1253 1610 1280 et
1640 1248 1771 1281 Demo-

1096 1292 1207 1325 charis
1248 1292 1361 1331 frater,
1398 1293 1627 1331 Paeaniensis,
1662 1293 1771 1327 Neae-

1095 1349 1179 1377 ram,
1208 1350 1312 1382 quam
1341 1338 1488 1378 amabat,
1516 1339 1552 1371 in
1580 1339 1773 1372 libertatern

1094 1384 1267 1417 asserebat
1296 1390 1329 1417 et
1358 1384 1512 1418 Athenas
1545 1385 1773 1418 transferebat

1096 1429 1264 1463 Corintho
1287 1440 1384 1474 1355,
1406 1442 1422 1464 2
1443 1442 1493 1475 3(1.
1528 1430 1589 1463 11111
1613 1431 1772 1474 pluribus

1095 1475 1282 1520 flagitiosos
1316 1478 1389 1521 ejus
1430 1488 1542 1509 mores
1583 1476 1772 1521 foedosque

1094 1533 1228 1555 amores
1247 1529 1279 1555 et
1301 1534 1422 1556 rursus
1441 1522 1584 1556 discidia
1601 1534 1682 1556 cum
1700 1523 1771 1556 Ne-

1093 1579 1171 1600 aera
1188 1569 1398 1612 exsequitur.

1048 1613 1200 1657 Plnyno,
1230 1614 1478 1653 Rhamnusius,
1506 1615 1565 1659 qui
1594 1615 1629 1647 in
1657 1615 1771 1648 conci-

1093 1659 1209 1692 lianda
1234 1660 1291 1692 illa
1320 1672 1401 1693 cum
1430 1650 1590 1704 Philippo
1619 1660 1711 1704 turpi
1739 1666 1771 1694 et

1094 1705 1251 1749 inprimis
1285 1706 1387 1738 noxia
1425 1718 1507 1749 pace
1541 1718 1621 1739 cum
1655 1706 1770 1739 Philo-

1095 1757 1186 1784 crate
1209 1758 1309 1796 atque
1335 1752 1506 1784 Aeschine
1531 1753 1667 1785 collusit
1692 1763 1771 1793 400,

1099 1806 1150 1841 15.
1177 1804 1210 1830 et
1236 1809 1334 1841 saepe
1360 1797 1584 1841 postmodum
1603 1798 1637 1831 in
1656 1799 1712 1831 illa
1730 1798 1772 1831 de

1096 1843 1131 1876 F.
1153 1843 1192 1876 L.
1221 1844 1374 1877 oratione
1402 1850 1441 1876 ut
1473 1844 1578 1877 homo
1612 1845 1770 1888 impurus

1094 1894 1195 1933 atque
1215 1890 1467 1930 consceleratus
1486 1896 1518 1922 et
1543 1890 1678 1933 probris
1696 1902 1771 1923 om-

1095 1935 1198 1968 nibus
1228 1935 1361 1968 obsitus
1395 1941 1545 1973 notatur,
1576 1942 1615 1968 ut
1644 1947 1771 1969 nomen

1094 1981 1167 2024 ejus
1193 1993 1233 2013 ex
1259 1993 1298 2014 eo
1324 1982 1360 2014 in
1390 1981 1610 2025 pioverbium
1640 1981 1770 2015 abierit.

1095 2038 1197 2078 quam
1225 2028 1370 2070 tuipiter
1403 2039 1438 2060 se
1467 2026 1598 2060 dederit
1625 2027 1660 2060 in
1689 2039 1768 2060 con-

1095 2073 1184 2105 vwio
1211 2073 1302 2116 apud
1330 2073 1600 2116 Xenophronem
1630 2075 1664 2106 in
1693 2074 1769 2106 Ma-

1095 2118 1238 2151 cedonia
1264 2130 1342 2160 402,
1369 2118 1422 2151 26.
1465 2130 1546 2151 113111
1572 2119 1636 2152 fuit
1663 2119 1698 2152 in
1723 2120 1770 2152 16-

1095 2164 1182 2207 gatis
1215 2165 1295 2197 illuc
1329 2165 1443 2198 missis
1477 2175 1629 2207 412,19,
1672 2166 1689 2197 ὁ
1716 2179 1769 2208 μι-

1096 2209 1175 2254 αρὸς
1208 2209 1343 2254 Φρύνων
1375 2211 1566 2253 appellatur
1599 2210 1682 2243 ibid.
1714 2219 1769 2252 25.

1095 2261 1274 2298 propterea
1300 2255 1393 2300 quod
1420 2256 1529 2288 filium
1554 2256 1770 2299 impuberem

1094 2301 1213 2334 foedae
1248 2301 1396 2345 Philippi
1435 2301 1570 2334 libidini
1604 2302 1770 2345 prostitu-

1096 2353 1189 2379 isset.

1049 2391 1167 2436 Phyle,
1185 2392 1353 2435 oppidum
1370 2393 1443 2436 agri
1460 2393 1577 2432 Attici,
1595 2394 1685 2426 ultra
1706 2404 1771 2427 120

1093 2437 1202 2470 stadia
1219 2438 1261 2471 ab
1280 2438 1364 2471 urbe
1384 2439 1461 2482 238,
1485 2439 1536 2472 18.
1571 2439 1602 2471 οἱ
1622 2439 1686 2472 ἀπὸ
1705 2444 1770 2472 Φυ-

1092 2485 1154 2525 λῆς
1192 2483 1341 2516 subaudi
1375 2484 1602 2523 κατελθόντες,
1634 2485 1769 2518 exsules

1092 2529 1321 2562 Athenienses
1356 2530 1421 2563 sub
1457 2529 1559 2563 XXX
1600 2530 1768 2574 tyrannis,

1093 2576 1151 2618 qui
1202 2575 1311 2618 Phyla
1354 2575 1557 2619 occupanda
1603 2576 1769 2609 libertatis

1092 2621 1315 2663 postmodum
1373 2627 1590 2665 recuperatae
1643 2621 1768 2655 funda-

1092 2673 1207 2699 menta
1224 2667 1380 2710 jecerunt
1400 2676 1477 2710 742,
1500 2676 1550 2710 15.
1594 2667 1769 2700 Archinus

1092 2712 1224 2744 consilii
1267 2712 1308 2745 de
1350 2712 1459 2756 Phyla
1499 2712 1700 2756 occupanda
1736 2718 1768 2745 et

1092 2764 1211 2790 auctor
1228 2764 1260 2790 et
1277 2757 1417 2791 effector
1435 2758 1499 2790 fuit
1519 2767 1595 2800 742,
1613 2767 1665 2799 25.

1047 2802 1292 2846 Phylomacha,
1320 2803 1387 2836 filia
1422 2802 1578 2846 Hagniae
1609 2803 1766 2843 Oeensis,

1092 2860 1180 2881 uxor
1200 2848 1350 2892 Philagri
1373 2848 1471 2892 1056,
1491 2857 1545 2891 25.

1047 2893 1279 2938 Phylomacha
1300 2895 1429 2938 junior,
1453 2894 1552 2927 istius
1578 2906 1618 2927 ex
1645 2894 1765 2927 Eubu-
