1935 3200
282 120 394 161 1172
646 120 969 161 ADVERSUS
1008 121 1301 161 BOEOTUM
1336 121 1435 173 (ΙΙ.)

279 224 473 264 REISK.
555 225 657 266 Cum
699 225 830 264 solum
870 226 1074 266 talentum
1117 226 1228 266 dotis
1269 226 1357 265 1000
1397 226 1549 266 fratres
1590 226 1793 275 dederint,

283 283 338 333 (v.
370 296 409 334 p.
435 295 553 329 1010,
578 283 632 332 6.)
669 281 875 334 particula
908 286 1021 321 recte
1057 281 1222 321 videtur
1251 296 1276 321 a
1308 281 1476 321 Reiskio
1512 282 1658 322 addita
1693 297 1794 322 esse.

282 337 530 377 SOHAEF.
578 337 663 377 But
684 337 941 378 understand
964 338 1035 377 the
1058 338 1169 376 word
1191 353 1236 377 as
1260 337 1494 390 equivalent
1515 343 1559 378 to
1583 340 1794 387 ἐπιδόντας,

279 393 363 432 1111(1
395 407 587 446 compare
619 408 657 446 p.
688 407 808 447 1009,
837 407 956 433 1010.
993 395 1027 447 ξ.
1055 395 1092 441 6,
1118 404 1154 446 7.
1186 394 1351 433 whence
1382 408 1441 433 wc
1471 394 1584 434 learn
1617 394 1711 434 that
1742 409 1795 434 011

280 449 354 488 her
376 449 468 488 first
496 449 705 503 marriage
726 450 799 489 the
819 450 987 503 portion
1014 450 1134 503 given
1163 465 1246 489 was
1267 465 1293 489 a
1314 449 1446 498 talant,
1469 464 1520 489 011
1543 451 1615 490 the
1643 451 1795 490 second

278 504 485 558 marriage
517 506 590 545 she
624 505 809 545 received
846 506 904 546 the
939 505 1089 545 talem:
1122 506 1206 545 and
1242 506 1343 546 then
1375 520 1454 559 you
1489 506 1565 545 will
1602 507 1687 546 find
1722 507 1794 546 the

278 560 468 600 addition
500 561 545 600 of
571 562 619 601 ἂι]
648 562 681 600 15
713 567 908 615 contrary
940 566 985 601 to
1016 562 1088 601 tho
1117 576 1247 602 sense.
1309 562 1451 615 Comp.
1475 563 1561 602 also
1588 576 1622 602 1.
1646 563 1792 616 Steph.

278 632 318 670 1).
348 629 469 656 1112.
505 619 541 671 ξ.
561 632 629 669 44.
662 619 879 669 προστιθεὶς
910 622 1060 668 προῖκα.
1115 618 1262 672 Eurip.
1290 617 1461 671 Hippol.
1485 620 1579 660 628.
1613 619 1796 670 προσθεὶς

279 675 353 724 γὰρ
390 675 410 712 ὁ
447 674 609 725 σπείρας
643 691 685 713 τε
722 674 946 725 κάκθρέψας
982 675 1106 725 πατὴρ
1132 676 1138 728 Ι
1166 677 1312 726 φερνὰς
1343 673 1502 728 ἀπῴκισ’
1528 706 1535 714 .
1562 708 1569 714 .
1596 707 1603 714 .
1638 674 1794 714 SHIL-

281 728 433 769 LETO
461 730 514 769 ad
544 735 649 770 orat.
680 730 730 769 de
757 730 783 769 f.
806 730 883 784 leg.
911 733 1026 781 (402,
1049 733 1111 784 5.)
1141 745 1179 784 p.
1206 744 1296 780 114.
1320 730 1390 770 ubi
1412 735 1476 770 est
1505 735 1643 782 προῖκα
1672 748 1793 782 προσ-

280 787 370 833 Θείς,
393 800 469 839 pro
490 786 709 826 usitatiore
732 788 896 828 ἐπιδούς.

338 852 458 895 1017,
482 844 519 881 6.
544 842 667 896 οὗτοι]
693 842 952 883 Timocrates
974 848 1016 883 et
1040 843 1310 882 Promachus.
1346 842 1543 883 REISK.

334 899 651 952 ὥσπερ-ὄντες]
677 899 895 939 Sententia
916 904 991 948 est,
1014 900 1167 939 multos
1188 899 1314 938 fuisse
1334 898 1438 938 alios
1460 900 1547 952 ejus
1569 898 1627 938 rei
1649 903 1791 946 testes,

276 958 324 993 ut
365 953 466 993 nihil
506 968 673 994 necesse
713 955 839 995 suerit
880 955 983 995 istos
1024 955 1303 1008 sycophantas
1343 955 1554 995 adhibere.
1599 955 1788 994 WOLF.

278 1009 387 1049 Nam
407 1010 488 1049 duo
517 1016 637 1050 erant
666 1010 922 1050 solummodo
950 1015 1093 1051 testes.
1159 1011 1319 1050 Verum
1344 1011 1385 1050 in
1407 1011 1607 1064 ejusmodi
1637 1011 1792 1051 caussis

276 1066 414 1119 plures
449 1066 659 1120 corrogari
695 1067 885 1107 solebant
920 1072 1064 1107 testes.
1129 1067 1277 1106 Actori
1313 1072 1454 1107 autem
1491 1082 1607 1107 reum
1642 1067 1791 1107 citanti

276 1122 358 1161 duo
393 1122 650 1163 solummodo
687 1126 870 1174 κλητῆρες
904 1123 1244 1177 (subscriptores)
1279 1123 1470 1163 aderant.
1536 1124 1629 1163 Hos
1662 1123 1792 1177 igitur

276 1178 379 1218 duos
410 1182 540 1218 testes
571 1179 631 1219 ait
663 1178 801 1232 potius
833 1179 1138 1233 subscriptores
1170 1179 1287 1232 quasi
1319 1193 1407 1219 esse
1437 1180 1636 1219 adversus
1670 1180 1790 1219 Man-

275 1235 390 1281 tiam‚
425 1250 548 1287 quam
582 1236 617 1274 ei
654 1240 784 1275 testes
814 1235 1007 1275 adfuisse.
1047 1234 1240 1275 REISK.
1304 1235 1519 1275 Bekkerus
1555 1235 1700 1275 melius
1733 1236 1790 1276 sic

276 1290 528 1344 distinguit:
591 1293 722 1342 ὥσπερ
775 1294 969 1343 κλητῆρες,
1022 1293 1087 1331 δύο
1141 1292 1254 1340 μόνοι
1304 1293 1414 1333 ὄντες
1461 1295 1698 1343 μαρτυροῦσι
1718 1316 1787 1332 —.

276 1346 527 1386 SCHAEF.

333 1403 496 1452 δεκάτηυ
516 1405 611 1455 ὑπὲρ
632 1405 768 1443 τούτου
792 1404 984 1457 ἑστιᾶσαι]
1010 1404 1102 1443 Νο11
1124 1418 1292 1457 1105511111
1314 1403 1391 1443 1100
1416 1404 1561 1444 111011115
1582 1403 1790 1457 explicare

275 1473 399 1511 quam
422 1459 558 1499 verbis
588 1459 816 1499 doctissimi
845 1459 920 1499 viri
943 1460 1092 1500 Joach.
1119 1459 1345 1500 Camerarii
1374 1475 1425 1500 ex
1446 1459 1790 1500 annotationibus

273 1515 326 1554 ad
349 1515 550 1555 Varennii
584 1516 800 1569 Syntaxin.
826 1517 871 1570 τῇ
901 1518 1059 1566 ἑβδόμῃ,
1087 1516 1233 1570 inquit,
1257 1517 1440 1556 dabatur
1468 1516 1600 1556 otium
1628 1520 1671 1555 et
1700 1530 1789 1569 per-

273 1570 554 1611 mittebantur
574 1572 686 1611 lusus
708 1571 857 1625 pueris
901 1575 946 1626 τῇ
969 1573 1106 1626 δεκάτῃ
1129 1572 1294 1612 11011111111
1319 1572 1641 1625 imponebantur
1661 1586 1790 1625 quon-

274 1627 370 1666 dam
392 1626 631 1673 infantibus,
655 1628 763 1667 unde
786 1632 849 1667 est
875 1629 1035 1677 ποιῆσαι
1056 1633 1099 1667 et
1122 1630 1300 1668 ἑστιᾶσαι
1321 1628 1483 1678 δεκάτηυ
1504 1629 1615 1681 apud
1639 1628 1789 1667 Demo-

273 1683 463 1722 sthenem
491 1684 587 1734 πρὸς
609 1684 778 1723 Βοιωτὸν
806 1685 894 1734 περὶ
921 1687 987 1723 τοῦ
1014 1686 1202 1733 ὀνόματος
1223 1689 1265 1723 et
1286 1685 1372 1734 περὶ
1400 1686 1566 1734 προικός.
1630 1684 1788 1723 Verum

272 1739 374 1778 haec
408 1740 545 1788 δεκάτη
577 1755 658 1779 11011
692 1739 844 1779 mensis
879 1739 1145 1793 intelligenda
1181 1746 1256 1787 est,
1290 1740 1361 1780 sed
1394 1740 1553 1780 decima
1584 1739 1669 1779 sive
1701 1740 1789 1780 dies

272 1795 356 1834 sive
388 1810 469 1834 nox
500 1801 596 1849 post
625 1796 812 1850 genitum
844 1810 1030 1848 puerum.
1066 1795 1258 1836 WOLF.
1321 1796 1433 1835 Add.
1462 1796 1611 1836 ·Joach.
1641 1796 1786 1836 Came-

272 1851 372 1891 1·111·11
396 1851 674 1892 Commentar.
698 1852 752 1891 U.
776 1852 821 1891 L.
847 1866 880 1891 c.
906 1866 968 1905 19
1006 1852 1255 1892 SOHAEF.

332 1919 455 1960 1017,
480 1922 494 1946 1
510 1922 542 1947 1.
568 1909 670 1948 πολὺ
690 1910 764 1960 γὰρ
787 1908 906 1957 δηπου
926 1911 1082 1958 μᾶλλον
1104 1926 1135 1947 κ.
1153 1925 1185 1947 τ.
1206 1914 1244 1947 λ.
1251 1909 1266 1961 ]
1295 1908 1452 1947 Locum
1473 1907 1582 1946 hunc
1604 1922 1784 1947 commu-

272 1977 366 2002 nem
387 1964 475 2016 jam
496 1978 621 2018 51111111
642 1980 681 2018 11
706 1977 910 2017 1001,13.
936 1963 1073 2003 verbis
1098 1963 1242 2003 iisdem
1264 1969 1305 2004 t1
1306 1963 1476 2004 actavit.
1512 1963 1705 2003 REISK.

333 2030 497 2072 1017,
478 2022 542 2060 26.
576 2022 609 2060 εἰ
637 2022 672 2060 οἱ
697 2022 770 2070 μὲν
798 2021 982 2067 ἄλλοι-,
1005 2020 1116 2061 οὗτος
1144 2019 1258 2071 δέ-]
1290 2021 1348 2068 Si,
1371 2034 1455 2060 cam
1482 2019 1626 2069 αἷὶἰ-,
1649 2019 1781 2060 Ιιὶσ-.

275 2075 527 2115 SUHAEF.

334 2143 456 2182 1017,
480 2143 544 2184 27.
571 2133 886 2182 καταδιαιτηθεὶς]
910 2131 1028 2170 Libri
1052 2131 1197 2184 optimi
1221 2132 1505 2180 ἀποδιαιτηθεὶς
1527 2131 1589 2171 vel
1610 2132 1783 2171 ἀποδιαι-

272 2188 463 2236 τηθείσης,
494 2202 669 2239 quorum
696 2188 874 2227 alterum
905 2202 956 2226 ex
988 2189 1304 2241 ἀποδιαιτηθείσῃ
1333 2191 1576 2240 corruptum
1606 2186 1783 2236 videtur,

274 2242 383 2295 quod
406 2243 580 2293 conjecit
605 2243 823 2296 Saup.pius

333 2299 452 2346 1018,
477 2299 514 2337 8.
548 2301 701 2348 πληγὰς
731 2297 1028 2350 συιαψάμευος]
1061 2299 1313 2345 commentas,
1343 2305 1426 2338 072‘0
1439 2298 1582 2352 jumio
1606 2312 1644 2338 se
1673 2313 1699 2339 a
1724 2312 1784 2338 me

271 2354 489 2407 vapulasse.
543 2356 795 2403 πλασαμειὈς
831 2356 888 2393 ὅτι
925 2355 1074 2405 ἐπληγη
1109 2353 1170 2393 ὑπ’
1204 2355 1296 2401 ἐμοῦ
1328 2356 1505 2396 Βοιωτός.
1569 2354 1663 2393 Hoc
1698 2354 1783 2394 fele

271 2410 380 2449 malo
417 2424 541 2462 quam
580 2411 759 2460 ἐρεθίσας
794 2410 891 2459 ἡμᾶς
928 2410 989 2448 ἐπὶ
1025 2412 1179 2460 πληγὰς
1216 2411 1360 2457 ἐλθεῖν,
1398 2409 1475 2449 etsi
1516 2409 1557 2448 in
1593 2409 1782 2449 versione

271 2470 438 2505 secutus
467 2480 556 2505 sum
585 2466 690 2505 hanc
720 2465 982 2504 sententiani.
1020 2465 1211 2505 WOLF.
1275 2466 1386 2505 Vere
1413 2466 1467 2505 ad
1495 2466 1679 2514 verbera,
1710 2466 1781 2505 sed

270 2521 499 2569 incruenta,
522 2526 690 2561 ventum
719 2528 793 2560 est.
831 2521 1079 2561 SOHAEF.

332 2580 452 2623 1018,
476 2590 538 2630 13.
564 2577 693 2630 αὐτὸς]
716 2577 798 2616 Alii
820 2576 914 2616 libri
937 2577 1052 2615 αὐτοῦ
1074 2591 1166 2616 011111
1188 2577 1464 2630 praecedente
1487 2577 1664 2627 κεφαλὴν
1684 2591 1779 2616 con-

264 2633 536 2686 jungendum.
602 2633 707 2672 Mihi
730 2647 870 2672 verum
892 2632 1056 2671 videtur
1084 2633 1212 2672 αὐτοῦ.
1278 2633 1523 2672 Petiverunt
1550 2633 1735 2673 homines
1756 2648 1781 2673 a

270 2689 464 2742 chirurgo
496 2693 543 2728 ut
579 2694 705 2742 caput
738 2688 885 2728 Boeoti
920 2688 1067 2727 leviter
1103 2688 1371 2728 scarificaret.
1435 2689 1555 2738 Quod
1586 2702 1679 2727 cum
1715 2688 1780 2728 ille

270 2745 558 2791 detrectasset,
582 2750 751 2784 coactus
779 2748 842 2783 est
864 2744 1047 2783 Boeotus
1070 2743 1155 2796 ipsc
1178 2743 1254 2782 sibi
1283 2744 1475 2792 incidere,
1500 2758 1580 2797 quo
1602 2743 1779 2797 speciem

270 2800 518 2840 mentiretur
542 2806 739 2840 cruentae
760 2799 1069 2839 verberationis.
1106 2798 1355 2839 SGHAEF.

332 2857 450 2903 1018,
477 2869 540 2897 22.
568 2857 754 2908 Βοιωτὸιι]
782 2859 949 2895 Βοιωτοῦ
972 2855 1228 2894 Schaeferus.

332 2925 449 2964 1019,
477 2924 538 2951 12.
577 2912 807 2963 εὐπορήσας]
844 2911 973 2950 Recte
1005 2911 1306 2963 interpretatur
1339 2910 1570 2950 Lobeckius
1603 2910 1773 2964 Parerg.
