1925 3215
678 126 733 165 ΙΝ
770 126 1077 166 ΝΕΛΕΒΑΜ.
1524 126 1634 165 '1373

126 231 286 284 Olymp.
319 243 406 277 101,
430 244 467 281 4.
492 230 626 283 (eujus
649 232 745 270 anni
775 232 929 271 archon
957 245 1182 284 eponymus
1203 230 1281 270 suit
1305 228 1372 282 qui
1396 229 1461 267 hic
1483 243 1633 268 memo-

125 291 245 326 ratur
265 286 479 337 Ἀστεῖος),
503 291 544 325 ct
566 288 614 326 cf.
637 292 779 326 annot.
809 287 863 327 ad
886 302 924 340 p.
940 288 1035 340 598,
1063 301 1092 326 1.

187 355 305 394 1357,
335 353 373 395 5.
416 344 656 393 διατρίψασα
696 344 725 381 δ’
765 344 807 382 ἐν
842 347 921 384 τοῖς·
958 341 1228 394 Μεγάροις-]
1274 342 1390 381 Ilaec
1427 340 1633 393 periodus.

126 411 232 450 quae
263 397 444 451 pertinet
480 412 608 451 usque
643 399 697 438 ad
731 414 765 437 v.
796 400 875 446 26.‚
912 398 990 437 etsi
1029 398 1127 437 nihil
1166 398 1293 437 habet
1329 397 1437 449 quod
1473 396 1636 435 ‹lic-atur

126 453 426 504 σολοικοφανές,
446 458 586 493 tamen
608 459 694 493 tam
717 459 908 494 tortuosa
925 459 989 494 est
1011 459 1158 507 totque
1180 468 1252 506 per
1274 453 1471 504 ambages
1495 453 1636 501 (lucta,

126 513 172 548 ut
191 509 258 561 qui
276 524 301 548 a
318 523 468 561 magno
485 514 652 549 oratore
669 510 867 563 scriptam
885 514 1017 562 putet,
1036 524 1113 549 nae
1131 509 1195 548 ille
1219 509 1636 548 l)emosthenicarum

126 564 302 604 virtutes
323 565 585 618 periodorum
608 580 753 619 parum
776 565 968 604 didicisse
989 566 1191 605 videatur.
1227 564 1476 603 S('11.2x1⁴]1‹‘.

189 631 306 673 1357,
335 633 396 660 12.
430 622 492 660 ἐπὶ
522 620 871 674 τούτῳ-ὥστ’-]
907 621 1152 675 Anonymus
1185 620 1476 673 (Aristoteles)
1508 619 1636 660 Oeco-

128 690 234 715 110111.
258 692 291 715 (3,
315 690 381 730 33.
416 692 454 730 p.
483 689 545 728 25.
569 677 667 716 edit.
697 677 887 716 Scllneid.
920 678 981 716 ἐπὶ
1009 679 1129 730 τούτῳ
1151 678 1258 726 ἥκειν
1279 677 1367 725 ἔφη,
1390 678 1490 715 ὥστε
1512 693 1637 725 μετοι-

128 733 231 770 κίσαι
262 733 411 773 αὐτούς.
472 732 726 783 Diligentior
756 738 848 772 erat
880 732 1134 785 scripturus:
1170 733 1232 771 ἐπὶ
1262 731 1502 784 τούτῳ-ἐφ’
1536 729 1636 785 ᾦ-.

128 787 181 826 V.
207 787 260 827 ad
282 802 320 840 p.
345 797 547 841 135512.
583 788 830 827 SOIIAFAE.

184 844 437 895 ἀπηλλάχθαι
477 844 626 894 ἀπὸ-1
676 844 867 884 Desierat
904 858 993 883 csse
1035 843 1075 882 in
1116 843 1322 896 mancipio
1365 841 1559 882 lfflcratis
1595 850 1638 882 et

129 897 433 938 Timanoridae.
467 900 713 939 SCHAEF.

190 966 310 1008 1357,
341 968 398 1007 15.
437 956 459 1005 ἡ
493 955 621 1006 εἰρήνη
657 957 680 1005 ἡ
713 956 776 995 ἐπὶ
812 956 1100 1005 Φρασικλείδου
1136 955 1325 1006 ἄρχοντος
1361 955 1422 993 καὶ
1458 955 1480 1003 ἡ
1514 954 1637 1007 μάχη]

130 1009 272 1049 Minus
293 1015 488 1050 accurate
510 1011 569 1051 ita
591 1011 775 1064 loquitur
795 1016 841 1050 ut
871 1025 952 1064 pax
975 1016 1017 1050 et
1046 1025 1185 1064 pugna
1207 1009 1328 1049 unius
1353 1009 1566 1049 arehontis
1597 1010 1637 1048 in

127 1081 281 1105 annum
303 1067 494 1106 incidisse
516 1067 717 1107 videatur.
782 1067 941 1106 Verum
962 1081 1107 1120 pacem
1130 1067 1340 1105 firmatam
1361 1080 1449 1105 esse
1470 1070 1638 1106 constat

128 1122 194 1161 die
216 1123 528 1175 quartodecimo
551 1122 892 1176 Scirophorionis,
916 1137 1099 1176 pugnam
1129 1126 1270 1162 autem
1299 1126 1528 1175 pugnatam
1550 1136 1639 1161 esse

129 1177 194 1217 die
227 1179 372 1231 quinto
409 1179 815 1219 Heeatombaeonis:
849 1193 886 1218 v.
921 1178 1032 1218 Plut.
1065 1178 1116 1218 V.
1150 1177 1310 1218 Camilli
1346 1192 1382 1217 e.
1418 1192 1480 1230 19.
1512 1178 1638 1231 AgeS.

129 1248 164 1274 c.
190 1235 255 1273 28.
279 1239 321 1274 et
346 1234 516 1288 Dionys.
539 1235 641 1274 Jud.
665 1235 716 1274 dc
740 1234 865 1287 Lysia
886 1234 964 1274 vol.
987 1248 1026 1286 5.
1049 1249 1087 1287 p.
1109 1245 1205 1288 479,
1228 1247 1267 1286 5.
1332 1233 1467 1273 Facile
1498 1238 1639 1273 tamen

129 1290 207 1329 hoe
238 1291 425 1330 excusari
458 1305 578 1344 posse
603 1290 899 1330 animadvertit
929 1290 1106 1330 Clinton.
1139 1290 1258 1329 Fast.
1288 1289 1398 1328 Hell.
1430 1289 1508 1328 vol.
1533 1302 1567 1330 2.
1598 1304 1637 1342 p.

131 1356 225 1398 277.
247 1352 270 1367 ‘⁸
287 1347 376 1385 The.
392 1352 536 1386 orator
556 1346 689 1385 would
716 1351 789 1386 not
811 1346 914 1385 have
935 1346 1061 1385 dated
1084 1346 1156 1385 the
1177 1360 1303 1398 peace
1325 1345 1365 1384 in
1388 1346 1459 1384 the
1479 1359 1578 1398 year
1599 1346 1645 1384 of

132 1401 410 1441 l'hrasielides
432 1402 613 1455 (Olymp.
634 1415 724 1449 103,
746 1404 814 1453 2.)‚
838 1401 971 1440 which
992 1416 1074 1441 was
1096 1402 1221 1454 really
1240 1401 1279 1440 in
1297 1401 1369 1441 the
1390 1400 1471 1440 last
1492 1400 1640 1440 month

131 1458 176 1496 of
192 1457 466 1505 Alcisthenes⁷
491 1457 525 1496 if
540 1458 612 1498 tho
634 1462 715 1497 two
737 1462 893 1506 events9
914 1457 987 1497 the
1017 1472 1142 1510 peace
1172 1458 1254 1497 and
1286 1457 1357 1496 the
1388 1456 1532 1503 battle,
1558 1456 1639 1496 had

132 1518 205 1552 not
231 1513 335 1552 been
362 1513 609 1565 contigimus
634 1514 717 1553 and
742 1513 851 1553 close
882 1527 991 1566 upon
1019 1513 1119 1552 each
1141 1513 1301 1553 others*
1352 1512 1498 1551 Paullo
1519 1511 1643 1552 aliter

134 1568 308 1608 Sievers.
332 1570 445 1609 Hist.
472 1570 543 1609 Gr.
570 1584 606 1622 p.
629 1580 723 1623 237.

195 1636 315 1678 1357,
340 1638 403 1665 21.
436 1625 641 1679 ἐπιδοῦσα]
677 1628 862 1664 ἐπιδοῦσα
890 1639 972 1663 non
1003 1625 1056 1663 ab
1080 1626 1236 1670 ἐπιδεῖν,
1260 1623 1331 1662 sed
1362 1623 1416 1662 ab
1446 1625 1643 1662 ἐπιδοῦναι

133 1680 194 1719 vel
213 1683 424 1720 ἐπιδιδόναι
445 1685 507 1720 est
525 1681 810 1733 repetendum.
842 1695 928 1719 cum
945 1679 1138 1719 obtulisset
1151 1680 1314 1718 Neaera
1330 1678 1526 1731 Stephano
1544 1678 1642 1718 bona

133 1736 316 1787 suafidei
335 1743 368 1776 et
389 1736 532 1775 tutelae
551 1736 631 1788 (jas
651 1735 934 1775 committenda.
977 1734 1224 1775 Conveniret
1250 1739 1386 1773 tamen
1410 1734 1641 1774 sententiae

133 1791 552 1839 111011113ἐπιδεικνῦσα,
574 1792 778 1835 ostendms,
801 1791 1085 1831 demonstrans.
1118 1791 1322 1829 REISK.
1360 1789 1549 1842 Vulgata
1570 1789 1642 1829 ali-

135 1852 291 1899 quanto
312 1847 457 1887 melius
478 1847 681 1887 convenit.
742 1846 850 1896 Quid
876 1846 983 1885 enim
1011 1846 1163 1884 mirum
1186 1845 1392 1884 Neaeram
1413 1858 1519 1897 quae
1550 1859 1642 1898 pos-

135 1903 291 1942 sideret
312 1902 561 1942 commisisse
584 1902 740 1942 tutelae
764 1901 979 1954 Stephani,
1002 1906 1050 1940 ut
1066 1914 1187 1953 quem
1210 1900 1430 1951 προστάτην
1451 1899 1530 1938 sibi
1553 1914 1644 1939 esse

135 1958 281 1997 vellet?
311 1958 433 1997 Adde
455 1958 565 2010 quod
586 1958 664 1997 11110
687 1958 865 1997 refertur
885 1957 1093 2005 ὑπεδέξατο
1115 1971 1155 2009 p.
1176 1957 1294 2009 1360,
1310 1957 1349 1993 6.
1386 1955 1630 1995 SGHAEF.

198 2025 319 2067 1357,
342 2024 406 2066 27.
440 2013 635 2064 φυσήσας]
670 2013 762 2052 Non
787 2013 986 2052 abhorret
1008 2027 1032 2051 a
1054 2011 1262 2051 sententia
1289 2010 1451 2063 alioque
1482 2010 1524 2049 in
1553 2010 1643 2050 loco

137 2068 223 2121 ipse
258 2069 543 2122 amplecterer.
609 2069 755 2108 Malim
788 2074 930 2108 tamen
966 2068 1006 2106 h.
1031 2068 1055 2106 1.
1089 2067 1230 2117 φήσας.
1264 2080 1351 2106 cam
1379 2073 1642 2106 asseverasset.

138 2125 340 2164 REISK.
403 2125 469 2164 Sic
503 2124 695 2177 conjecit,
730 2139 811 2177 quo
846 2123 986 2176 aptius
1018 2123 1131 2175 sequi
1169 2122 1409 2161 viderentur
1443 2123 1493 2162 ὡς
1529 2124 1644 2161 κλαύ-

138 2197 316 2219 σοιτο--.
381 2181 462 2220 Sed
490 2180 590 2220 haec
612 2195 719 2220 nexa
741 2185 838 2219 sunt
859 2193 880 2218 e
903 2178 1038 2219 verbis
1059 2181 1108 2231 τῷ
1131 2179 1251 2231 λόγῳ.
1314 2177 1482 2230 Optime
1501 2182 1644 2217 autem

133 2236 367 2289 junguntur
388 2237 532 2287 ἐπάρας
554 2237 614 2275 καὶ
636 2235 828 2286 φυσήσας.
880 2235 1007 2274 Plane
1029 2234 1173 2273 eadem
1195 2233 1358 2273 ratione
1375 2233 1523 2286 juncta
1543 2232 1643 2286 legi-

137 2306 227 2330 mus
247 2293 482 2342 μετεωρίσας
505 2292 564 2330 καὶ
584 2291 765 2342 φυσήσας
785 2306 824 2344 p.
847 2292 937 2344 169,
955 2304 1021 2344 23.
1055 2289 1296 2330 SCHAEF.

196 2348 245 2388 ὡς
276 2348 559 2399 κλαύσοιτο-]
596 2348 800 2386 Confusae
828 2352 925 2385 sunt
953 2347 1060 2385 duae
1081 2344 1230 2384 diversi
1250 2343 1413 2397 generis
1435 2348 1644 2383 construe-

139 2402 285 2449 tiones,
322 2417 497 2454 quarum
532 2416 624 2441 cum
659 2406 837 2454 utraque
874 2401 928 2441 sit
968 2400 1176 2447 normalis,
1210 2401 1426 2439 ambarum
1459 2398 1644 2438 confusio

139 2458 355 2510 periodum
375 2457 477 2497 facit
497 2471 717 2497 enormem.
752 2458 899 2497 Altera
919 2457 1020 2496 haee
1042 2462 1131 2501 est3
1166 2457 1214 2496 ὡς
1237 2456 1514 2501 κλαύσοιτο-,
1533 2454 1646 2494 αὐτὸς

141 2514 321 2561 δὲ-ἕξοι
351 2515 437 2553 τούς
464 2529 505 2551 τε
536 2513 1002 2562 παῖδας-εἰσάξοι-καὶ
1022 2513 1184 2551 πολίτας
1205 2509 1373 2557 ποιήσοι,
1397 2508 1641 2556 ἀδικήσοι-.

141 2568 291 2608 Altera
313 2568 438 2607 haee:
473 2568 522 2608 ὡς
549 2569 817 2616 κλαυσόμενον
837 2569 905 2607 τὸν
926 2565 1315 2618 Φρυνίωνα,-αὐτὸς
1337 2562 1536 2610 ὃὲ-ἕξων
1557 2565 1646 2604 τούς

141 2640 182 2662 τε
204 2623 686 2671 παῖδας-εῑσάξων--καὶ
715 2624 877 2664 πολίτας
907 2622 1091 2671 ποιήσων,
1116 2620 1349 2668 ἀδικήσονται
1371 2620 1411 2656 δὲ
1434 2618 1641 2656 οὐδένα-.

143 2678 256 2718 Talis
278 2682 513 2717 structurae
539 2677 762 2717 enormitas
792 2693 875 2717 non
895 2677 1059 2717 videtur
1078 2690 1103 2716 a
1125 2673 1408 2714 Demosthene
1438 2672 1645 2725 proficisci

140 2733 337 2787 potuisse.
371 2732 622 2772 SCHAEF.

205 2790 324 2841 1358,
353 2801 385 2827 1.
417 2789 519 2838 τότε]
554 2787 833 2826 Referendum
863 2788 917 2827 ad
949 2789 1075 2827 ὄντας.
1138 2784 1223 2823 Nee
1251 2789 1392 2822 tamen
1422 2787 1647 2834 propterea

143 2849 239 2897 post
256 2845 332 2882 hoc
349 2842 589 2882 adverbium
607 2856 699 2881 cum
715 2842 882 2882 Reiskio
898 2841 1089 2895 ponenda
1104 2838 1380 2892 hypostiglne.
1401 2836 1644 2876 SCHAEF.

207 2899 324 2951 1358,
350 2911 384 2949 7-
408 2898 474 2936 Τὸν
495 2898 728 2948 ψιθυριστὴν
748 2897 913 2948 Ἑρμῆν]
942 2895 1083 2936 Citant
1108 2892 1389 2946 Harpocratio
1411 2892 1453 2930 in
1475 2906 1509 2930 v.
1532 2894 1646 2931 Ψιθυ-
