1925 3215
604 130 657 164 IN

107 229 258 271 κυμβίον,
279 241 347 262 non
366 231 534 272 κυμβεῖον,
554 231 632 270 814.

107 276 184 317 κυνῆ
205 276 343 308 Βοιωτία
366 278 463 318 1384.

107 335 145 353 κῑ
135 321 304 374 νηγέσιον
321 322 410 364 ἱερόν
432 332 530 354 1021.

107 364 220 408 κύριος
238 368 337 409 νόμος
355 368 433 410 630.
453 367 532 410 633,
551 367 630 410 634.

107 413 200 456 λαγὼ
217 413 294 451 βίον
312 414 372 455 ζῆν
389 424 467 454 4,2.

107 459 291 499 λαμβάνειν
309 464 340 491 et
358 459 609 501 ἀπολαμβάνειν
631 469 704 499 144.

107 504 219 537 λεῖτος
237 503 315 544 614.

107 549 312 602 λειτουργίαι
330 548 423 591 ipud
442 549 672 583 Athenienses
691 550 770 593 613

106 593 200 636 λεξις
216 594 392 639 γραφική
387 596 463 637 598.

107 641 215 684 λῆροι,
235 641 472 684 compluribus
497 641 601 674 rebus
625 641 833 674 enumeratis

154 685 313 718 additum
332 686 387 719 86

108 733 312 775 λικνοφόρος
330 741 392 775 451
401 759 406 764 .

107 777 317 819 λιποταξίου,
337 789 408 810 non
425 778 653 820 λειποταξίου,
672 778 735 811 801
747 803 753 810 .

106 823 213 866 λόγου
230 825 343 866 τυχεῖν
360 834 441 867 309.

110 867 318 913 Λυκιουργής
338 870 438 913 1278.

106 914 255 956 μάλιστα
278 914 461 957 ἀνθρώπων
478 920 511 947 et
528 915 678 957 μάλιστα
702 915 834 948 πάντων

153 959 337 1002 ἀνθρώπων
357 971 370 993 1
381 969 456 1004 147.

108 1006 238 1046 μαλκίω
260 1006 335 1049 189.

109 1050 289 1093 Μαραθῶνι
311 1056 344 1084 et
362 1051 396 1084 ἐν
414 1051 595 1095 Μαραθῶνι
613 1062 692 1095 949.

108 1096 284 1138 μετοίκιον,
307 1107 345 1129 12
366 1096 563 1136 drachmae,
583 1097 662 1130 606.

106 1141 264 1184 μέτοικοι,
288 1143 407 1176 classis
433 1143 669 1176 habitatorum
688 1143 832 1182 Atticae,

157 1187 236 1220 606.

107 1233 254 1275 μέτοικοι
294 1239 327 1266 et
368 1233 534 1268 ι’σοτελεῖς
577 1245 654 1267 cum
699 1234 833 1268 civibus

155 1279 281 1322 pariter
297 1279 366 1312 sere
384 1278 426 1312 ad
451 1279 590 1322 publica
611 1292 756 1314 munera
773 1280 833 1313 ad-

155 1324 221 1357 acti
239 1324 317 1357 626.

108 1370 269 1412 μετοίκων
301 1371 483 1414 appellatio
520 1372 699 1415 complexa
732 1372 833 1405 etiam

156 1415 322 1450 ι’σοτελεῖς
341 1415 419 1449 606.
439 1416 517 1460 627.

107 1461 223 1503 μηδείς
241 1473 302 1505 pro
320 1462 428 1496 οὐδείς
448 1471 523 1506 171.

111 1506 249 1549 Μήδιος,
268 1518 339 1540 non
358 1507 513 1550 Μήδειος,
537 1519 634 1551 1190.

108 1553 324 1595 μισθοδοτεῖν
341 1565 422 1586 cum
440 1554 637 1587 accusativo
655 1560 687 1587 et
706 1554 833 1593 dativo,

156 1599 235 1642 380.

109 1644 292 1688 μοσχεύειν
314 1655 411 1688 1033.

112 1691 298 1733 Μυρτηνόν,
314 1692 520 1733 Μυρτώνιον,
538 1693 736 1733 Μυρτόνιον,
755 1692 834 1735 318.

113 1736 197 1768 Νάῒα
215 1735 342 1768 festum
364 1736 440 1779 780.

112 1782 214 1814 Νάϊος
231 1780 310 1815 Ζεύς
334 1781 410 1824 780.

111 1825 274 1870 ναύαρχος
291 1836 370 1870 353.

111 1874 256 1906 νεανικός
273 1872 328 1905 88.

111 1918 277 1960 νεβρίζειν
294 1929 374 1961 449.

113 1962 255 2005 νεήλατα
274 1976 291 2004 4
297 1973 352 2006 51.

113 2008 280 2051 Νεμέσεια
297 2009 426 2042 festum
448 2019 460 2041 1
472 2009 546 2052 176.

111 2054 148 2096 νὴ
167 2054 241 2093 Δία,
262 2065 331 2087 non
350 2055 387 2097 νὴ
405 2055 462 2087 τὸν
481 2055 555 2094 Δία,
574 2056 608 2088 in
631 2054 838 2099 hypophora

163 2110 175 2132 1
187 2110 198 2132 1
207 2109 263 2143 47.

111 2145 286 2188 νομοθέται
312 2144 405 2188 apud
428 2145 659 2179 Athenienses
685 2152 837 2189 potestas

159 2190 428 2223 extraordinaria
445 2190 523 2234 629.
543 2190 621 2234 631.

112 2236 301 2278 νομοθετεῖν
317 2236 412 2269 verbi
431 2236 481 2269 vis
500 2237 592 2269 varia
609 2236 687 2270 628.

112 2283 225 2314 νοσεῖν
243 2281 284 2314 de
302 2281 498 2315 civitatibus
517 2281 649 2315 dictum
666 2293 745 2327 333.

113 2329 170 2359 νῦν
186 2341 221 2360 τε
241 2327 292 2360 καὶ
311 2329 387 2360 τότε
408 2338 483 2371 132.

113 2372 230 2414 ξένιος.
258 2372 312 2405 ἐπὶ
329 2373 433 2414 ξένια,
451 2373 506 2406 ἐπὶ
523 2374 626 2417 ξενίᾳ,
644 2374 699 2407 ἐπὶ
715 2375 836 2417 ξενίαν,

165 2426 240 2458 147.

113 2436 286 2505 {evoslpro
302 2477 453 2505 μετοικος
469 2462 549 2496 606.

114 2507 142 2546 ὃ,
162 2512 377 2551 quapropter,
397 2519 495 2551 1029.

114 2553 196 2585 ὅλον
225 2552 242 2594 ἡ
269 2552 365 2596 τύχη,
395 2553 476 2586 ὅλον
499 2553 675 2597 ἁμάρτημα
701 2561 733 2587 et
759 2555 835 2587 Sim.

116 2643 224 2686 ὅμοιοι
245 2642 596 2677 Lacedaemoniorum
614 2644 693 2688 696.

116 2690 211 2730 ὁμοῦ,
231 2688 379 2727 circiter,
401 2699 500 2732 1034.

117 2733 287 2768 ὁποδαπός
308 2734 407 2777 1289.

116 2778 205 2813 ὅπως
237 2779 277 2812 ἂν
309 2790 390 2812 cum
415 2779 567 2822 optativo
600 2780 635 2813 in
663 2781 838 2815 locutione

162 2824 295 2857 δεῖσθαι
312 2823 401 2858 ὅπως
423 2824 589 2858 (ἲν-808.

116 2869 262 2912 ὀρνιθίας
280 2869 359 2911 482.

116 2914 195 2958 ὅρον
212 2914 334 2949 τιθέναι
357 2915 435 2959 859.

692 129 1126 164 ANNOTATIONES.

1517 130 1616 166 1:303

888 230 942 262 ὅτε
965 231 998 262 in
1027 230 1175 263 formula
1200 232 1238 271 τῆ
1265 231 1448 287 προτεραίᾳ
1474 230 1527 263 ὅτε
1554 242 1616 274 pro

936 276 1062 308 usitato
1080 278 1118 318 τῆ
1138 276 1319 319 προτεριιία
1337 275 1354 318 ἦ
1372 274 1507 318 nrJ——30(
1501 289 1521 309 1.

889 321 939 354 ὅτι
957 321 1042 354 οὕτω
1067 320 1157 354 ταῦτ
1175 322 1257 365 ἕχει,
1276 322 1354 365 λεγε
1377 323 1414 354 τὸ
1432 321 1615 366 ψήφισμα,

935 373 967 399 et
1002 367 1125 399 similia
1158 367 1306 400 breviter
1343 367 1434 400 dicta
1469 379 1531 411 pro
1564 367 1616 401 ἵνα

935 412 1042 455 εἷδῆτε
1061 412 1240 456 fin—328

889 472 927 490 ου
944 472 1009 516 γαρ
1028 458 1152 502 δή-γε
1171 470 1191 490 v
1195 459 1223 491 el
1242 474 1281 491 ου
1297 473 1362 503 γαρ
1381 458 1420 501 δή
1438 473 1476 504 γε
1495 470 1575 503 999.

890 504 948 536 ουδ
977 519 1016 536 ιιν
1033 503 1064 536 εἰ’
1078 518 1108 536 τι
1126 504 1257 547 γένοιτο
1278 514 1354 548 710.

890 549 965 582 ουδὲ
985 561 1047 593 pro
1065 549 1140 582 ουδὲ
1158 551 1259 592 μόνον
1277 561 1355 593 303.

889 595 965 628 ουδὲ
983 597 1117 628 πολλοῦ
1134 595 1186 627 δεῖ
1208 596 1283 635 168,
1301 596 1374 639 169.
1395 596 1435 627 61·
1418 606 1474 640 5.3

889 641 1020 675 οὐδένες
1037 652 1093 685 39.
1114 651 1192 674 210.

889 686 1019 719 ουδεπω
1039 687 1106 725 (vel
1123 686 1273 729 μηδέπω)
1292 687 1344 719 καὶ
1362 686 1504 731 τήμερον
1524 697 1601 731 797.

889 746 947 764 ουκ
965 729 1028 765 οἷδ’
1048 731 1066 765 ὅ
1083 747 1113 765 τι
1132 732 1181 765 δεῖ
1197 733 1304 765 πλειω
1321 733 1433 777 λέγειν
1453 742 1531 777 723.

889 780 975 811 οὔτε.
1012 778 1076 811 tria
1100 779 1152 811 vel
1179 784 1343 822 quattuor
1373 781 1448 812 οὔτε
1476 791 1511 812 in
1537 790 1615 812 sen-

936 823 1051 856 tentiis
1070 792 1239 867 bipartitis
1257 824 1312 857 61.

889 868 992 903 οὕτως
1016 869 1059 901 ab
1084 869 1251 912 adjectivo
1277 882 1341 903 suo
1362 870 1538 904 vocabulis
1568 871 1619 903 in-

935 914 1108 958 terpositis
1127 915 1324 958 sejunctum
1343 926 1422 960 413.

889 974 952 1003 ουχ
971 961 1071 1003 ὁρᾷς;
1098 970 1178 1001 440.

889 1006 1099 1049 Παιρισάδης
1120 1016 1131 1038 1
1144 1016 1155 1038 1
1166 1016 1218 1039 10.

888 1053 966 1085 παῖς
982 1053 1062 1095 κόρη
1082 1060 1158 1095 792.

887 1097 1074 1139 πανδημεὶ
1068 1109 1089 1129 ι.
1105 1109 1137 1141 q.
1156 1100 1365 1141 πανστρατιᾷ
1384 1109 1465 1139 412.

889 1143 1018 1176 Πάνδια
1038 1152 1116 1186 757.

887 1189 989 1232 παρά,
1003 1193 1158 1232 propter,
1179 1188 1256 1232 784.

887 1233 965 1278 παρ’
983 1234 1066 1267 αὐτὰ
1082 1233 1287 1277 τάδικήματα
1305 1245 1384 1278 310.

887 1294 955 1324 παρ
984 1279 1107 1324 ἡμέραν
1128 1289 1204 1324 174.

887 1325 1202 1382 παραγεγραμμένοι
1220 1327 1313 1368 νόμοι
1331 1325 1411 1369 376.

887 1372 1063 1415 παραίτιον
1079 1371 1251 1422 γεγονέναι
1270 1383 1296 1404 s
1311 1371 1469 1416 γενέσθαι
1488 1372 1568 1415 365

888 1418 1039 1461 πάραλος
1058 1417 1154 1450 navis
1174 1417 1253 1461 827.

889 1462 1099 1506 παρασκήνια
1120 1462 1196 1514 763.

889 1510 1101 1551 παραστῆναι
1118 1509 1140 1541 1.
1155 1520 1186 1553 q.
1206 1508 1384 1551 ἡττηθῆναι
1403 1510 1482 1550 858.

888 1554 1109 1612 παραφέρειν,
1118 1554 1364 1598 floccifacere‚
1386 1556 1463 1598 778

888 1601 1027 1643 παρείας
1043 1599 1123 1644 ὄφις
1139 1610 1218 1643 450.

887 1646 1111 1689 Παρεισάδης,
1130 1646 1326 1689 Παρισάδης
1348 1656 1360 1678 1
1372 1656 1447 1679 110.

885 1691 1128 1735 παρεισφερειν
1146 1693 1247 1735 νόμον
1264 1691 1343 1735 630.

885 1737 1073 1780 πεζέταιροι
1091 1736 1146 1770 61.

886 1783 1038 1825 πέμπειν.
1064 1783 1273 1825 πεπεμμένος
1291 1794 1369 1826 942.

887 1827 922 1860 ἐκ
940 1828 1136 1870 περιουσίας
1154 1839 1233 1871 304.

888 1872 1011 1907 Πιθευς
1028 1879 1060 1906 et
1078 1872 1221 1907 Πιτθευς
1240 1874 1318 1917 785.

887 1919 1120 1960 πλεονιὶζεινί.
1136 1930 1169 1963 q.
1188 1920 1398 1953 πλεονεκτεῖν
1421 1920 1495 1960 184.

886 1964 1097 2007 πληρωτὴς
1082 1965 1200 2007 εράνου
1222 1964 1320 1998 1026.

887 2012 994 2043 ποιεῖν
1010 2010 1063 2043 καὶ
1080 2011 1238 2053 πράττειν
1255 2010 1313 2054 96.

887 2057 995 2089 ποιεῖν
1010 2057 1134 2099 χρόνον
1151 2056 1230 2100 538.

887 2102 1052 2135 ποικίλος.
1079 2101 1176 2134 ουδέν
1192 2115 1228 2134 π.
1252 2112 1326 2145 190.

887 2147 1040 2179 πολιτεία
1058 2147 1079 2179 1.
1093 2158 1125 2191 q.
1145 2147 1346 2191 δημοκρατία
1363 2158 1419 2191 32.

887 2193 1084 2226 πολλοστός
1104 2203 1202 2236 1009.

889 2237 1004 2272 πολύς.
1039 2239 1155 2270 πολλὰ
1180 2238 1233 2271 καὶ
1256 2238 1388 2282 μεγάλα
1405 2238 1459 2271 vel
1483 2240 1614 2282 μεγάλα

937 2284 989 2316 καὶ
1006 2284 1121 2316 πολλά
1139 2290 1171 2316 et
1189 2283 1314 2316 similia
1333 2283 1412 2328 769.

888 2330 1046 2372 πράττειν
1064 2329 1117 2361 καὶ
1133 2331 1241 2362 ποιεῖν
1257 2328 1314 2372 96.

888 2374 968 2417 πρὶν
985 2374 1022 2407 οὗ
1044 2385 1143 2418 1253.

889 2421 1134 2462 Προβαλίσιος,
1154 2420 1407 2463 Προβαλείσιος
1430 2430 1527 2463 1072.

887 2465 1160 2508 προβάλλεσθαι,
1173 2465 1378 2509 protendere
1395 2476 1521 2503 manus,
1539 2476 1550 2498 1
1562 2476 1613 2506 14.

887 2510 1043 2552 προβολή
1064 2520 1128 2554 743
1147 2522 1241 2555 seqq-

888 2556 1049 2598 προεδρία
1068 2555 1147 2588 608.

888 2601 1141 2644 προεισφέρειν,
1168 2600 1203 2632 in
1231 2599 1435 2633 muneribus
1466 2600 1614 2643 publicis

890 2657 1069 2733 προΐ9εσθαι
1086 2701 1166 2723 cum
1184 2690 1336 2733 genitivo
1355 2698 1411 2730 51.

889 2737 1101 2779 προϊστάναι.
1127 2734 1402 2778 προστήσασθαι,
1404 2739 1613 2778 praetexere,

943 2792 980 2814 12

890 2792 1031 2868 προνιι3ια
1048 2826 1101 2858 vel
1118 2827 1258 2868 πρόνοια
1276 2825 1435 2858 Minerva
1456 2836 1555 2869 1029.

889 2873 973 2913 πρός
1005 2872 1040 2904 111
1069 2871 1178 2904 titulis
1208 2871 1405 2905 orationum
1437 2870 1614 2916 quomodo

937 2916 1072 2950 differat
1089 2928 1108 2950 a
1125 2917 1206 2949 κατά
1224 2915 1303 2960 638.
