1935 3200
278 134 380 171 1480

319 234 443 267 boeam
460 230 571 271 duxit,
591 239 676 274 quas
698 239 738 262 eo
763 227 854 261 mitti
879 233 999 261 contra

320 277 550 312 Plutarchum
598 281 788 320 tyrannum
836 273 998 307 Eubulus

321 329 487 358 suaserat.
531 321 647 355 Schol.
664 319 748 355 ibid.

276 370 512 415 Hegesippus,
536 373 662 406 orator,
687 365 917 399 Demostheni
944 377 997 398 ae-

322 416 444 461 qualis,
463 414 605 459 quicum
628 412 836 457 legationem
853 411 896 445 ad
916 411 998 444 Phi-

320 463 457 505 lippum
487 460 583 499 obiit,
611 458 901 502 vehementerque
929 457 998 490 fac-

322 507 409 541 tioni
450 505 696 539 Macedonicae
738 503 892 543 obstitit;
931 514 1000 547 quo

322 554 454 587 factum
475 558 526 585 est
546 556 585 584 ut
608 551 650 584 ab
669 561 709 583 eo
728 549 855 593 scripta
871 549 999 582 feratur

323 600 432 633 oratio
457 597 498 631 de
518 597 722 630 Halonneso
741 604 781 640 75
802 607 881 639 pen.
915 595 1001 628 obiit

323 646 406 679 item
432 655 512 677 cum
532 641 769 676 Demosthene
793 641 1001 685 legationem

324 691 368 725 ad
397 690 551 724 civitates
580 687 901 732 Peloponnesiacae,
933 698 1002 731 quo

325 748 381 770 eas
412 735 578 769 adversus
608 734 809 777 Philippum
838 732 1001 766 accende-

324 787 401 816 rent
418 793 494 825 129,
510 782 562 814 18.
597 780 742 813 forsitan
760 779 851 812 idem
866 784 929 818 est,
942 790 1002 812 cu-

322 829 381 873 jus
401 826 656 861 Demosthenes
676 837 774 869 saepe
792 825 1003 858 mentionem

326 874 408 907 facit
424 886 458 918 p.
478 872 558 917 364.
592 872 725 915 primus
754 871 919 904 dissuasit
943 882 1002 914 pa-

326 932 401 954 cem
443 931 524 953 cum
560 918 731 961 Philippo.
768 917 884 950 Schol.
918 916 1002 949 ibid.

325 972 395 999 tam
422 976 546 1009 parum
569 969 729 1007 acceptus
749 962 909 1006 Philippo
927 962 1003 1002 fuit,

326 1017 366 1045 ut
387 1023 447 1045 rex
466 1009 703 1048 Xenoclidem,
722 1009 892 1052 hospitem
918 1008 1003 1052 ejus,

327 1057 417 1097 ideo,
436 1056 530 1102 quod
556 1068 637 1089 eum
662 1055 858 1098 recepisset,
886 1054 1003 1087 Mace-

329 1103 433 1137 donia
447 1103 591 1147 jusserit
608 1100 771 1134 excedere
789 1109 868 1144 447,
886 1112 919 1145 9.

283 1149 527 1193 Hegestratus,
554 1148 737 1180 nauclerus
763 1146 1004 1184 Massiliensis,

327 1196 449 1228 misere
467 1194 567 1238 periit
582 1193 618 1226 in
634 1192 738 1225 undis
753 1192 855 1235 culpa
873 1197 1006 1225 suamet

329 1241 408 1284 883.

285 1286 499 1320 Heliodorus
518 1284 690 1318 Pithensis
709 1291 788 1327 927,
806 1294 860 1327 23.

286 1333 446 1372 Helixus,
461 1330 676 1369 Corinthius,
690 1329 851 1373 Philippo
870 1327 1007 1362 deditus

331 1389 409 1422 324,
428 1386 480 1421 15.

286 1423 576 1461 Heracleodorus,
603 1421 647 1454 ad
673 1433 776 1466 quem
804 1422 931 1464 scripta
958 1426 1009 1453 est

329 1470 473 1514 epistola
491 1467 738 1502 Demosthenis
757 1479 790 1511 p.
807 1467 906 1511 1489.
928 1466 1007 1499 fine.

329 1515 465 1550 videtur
489 1513 703 1547 caussidicus
733 1513 858 1546 nobilis
889 1518 922 1545 et
948 1523 1009 1556 po-

330 1568 407 1595 tens
434 1561 541 1594 fuisse
567 1559 650 1593 ibid.
690 1559 836 1592 fortasse
864 1570 935 1591 non
960 1558 1009 1590 A—

331 1607 458 1646 thenis,
484 1606 544 1639 sed
569 1611 629 1638 aut
649 1604 820 1644 Corinthi,
845 1609 904 1637 aut
929 1603 1010 1636 alibi

331 1655 502 1686 locorum.

288 1698 493 1732 Heraclidae
518 1697 560 1730 ab
579 1696 853 1729 Atheniensibus
880 1695 1011 1728 defensi

332 1750 365 1778 et
390 1745 425 1777 in
450 1743 557 1788 patris
582 1754 730 1786 regumn
756 1742 906 1775 restituti
930 1746 1012 1774 sunt

335 1801 413 1834 290,
434 1801 488 1833 23.
512 1799 611 1832 1391,
630 1789 662 1821 8.

289 1835 492 1870 Heraclides
522 1834 742 1878 Byzantium,
769 1833 876 1877 ejecto
908 1832 1010 1876 Spar-

333 1888 416 1915 tano
450 1879 632 1925 praesidio,
655 1879 876 1924 Thrasybulo
906 1885 938 1912 et
964 1878 1011 1911 A·

334 1927 574 1961 theniensibus
593 1925 735 1958 tradidit
753 1933 831 1969 475,
850 1936 882 1968 3.

292 1973 505 2012 Heraclides,
535 1972 680 2010 Aenius,
707 1983 778 2004 una
804 1982 884 2004 cum
910 1970 1013 2003 fratre

337 2019 495 2064 Pythone
531 2018 657 2062 Cotyn,
684 2017 851 2050 Thraciae
884 2028 1013 2060 regem,

334 2065 501 2109 peremit,
530 2068 740 2107 quapropter
763 2062 866 2095 ambo
892 2062 1014 2094 fratres

336 2123 355 2144 a
380 2111 416 2143 P.
442 2110 484 2143 A.
514 2109 650 2142 civitate
678 2108 795 2141 donati
827 2114 909 2141 sunt
935 2108 1014 2151 659,

340 2167 357 2189 2
389 2182 395 2188 .

293 2164 508 2239 Her'itclides,
521 2200 687 2243 trapezita
706 2199 786 2243 894,
799 2208 850 2242 15.
874 2210 886 2232 1
897 2207 973 2242 171,
987 2210 1014 2231 1.

293 2247 481 2285 Heraeum,
499 2245 639 2288 Ἡραῖον
656 2246 778 2288 τεῖχος,
803 2250 955 2277 castrum
980 2244 1016 2277 in

337 2292 495 2330 Thracia,
524 2291 707 2333 Philippus
742 2290 841 2332 cepit,
876 2290 1015 2334 nequic-

338 2349 443 2382 quam
477 2336 702 2369 molientibus
727 2335 854 2368 Athen.
878 2336 907 2367 ei
939 2347 1016 2368 suc-

342 2394 477 2416 currere
497 2393 552 2427 29,
569 2392 622 2414 22.
644 2381 785 2425 Olymp.
802 2381 875 2419 106,
895 2393 927 2421 4.

294 2429 502 2467 HermaeuS,
526 2427 690 2471 trapezita
716 2427 752 2459 in
777 2426 912 2470 Aegina
937 2436 1016 2470 953,

346 2486 399 2517 19.

296 2521 537 2562 Hermogenes
557 2530 568 2551 1
580 2526 654 2561 157,
669 2528 723 2550 22.

296 2567 465 2604 Hermon,
488 2564 700 2608 gubernator
725 2563 834 2601 navis,
856 2575 925 2607 qua
952 2562 1016 2607 Ly·

342 2611 478 2649 sander,
496 2611 580 2653 imp.
601 2609 804 2652 Spartanus,
817 2608 1017 2647 vehebatur,

342 2657 401 2701 qui
435 2667 515 2689 cum
545 2667 584 2688 eo
616 2655 844 2688 ducentarum
879 2654 1018 2686 navium

343 2704 487 2736 classem
506 2701 589 2734 Ath.
608 2700 651 2733 ad
670 2700 947 2744 Aegospotamos
966 2711 1019 2732 ce-

344 2748 393 2791 pit
411 2747 490 2791 691,
510 2755 542 2788 5.

300 2793 503 2826 Hermonax
520 2792 599 2835 988,
618 2803 650 2832 4.

300 2837 533 2882 Heropythes,
552 2837 694 2870 Archon
712 2836 1019 2880 pseudeponymus

347 2884 424 2922 282,
444 2892 474 2926 7,
493 2888 526 2915 et
548 2891 602 2926 25.

302 2927 448 2962 Hesiodi
465 2929 562 2961 locus
580 2927 742 2961 recitatur
760 2935 839 2971 417,
860 2938 891 2959 2.

764 128 933 164 INDEX
964 124 1286 163 HISTORICUS

1052 226 1181 260 Hierax
1209 232 1242 259 et
1269 225 1467 264 Stratocles,
1493 224 1597 268 legati
1625 223 1772 268 Amphi-

1096 272 1284 317 politarum
1305 271 1347 304 ad
1365 270 1607 309 Athenienses,
1626 270 1772 314 patriam

1096 330 1115 352 a
1140 318 1301 362 Philippo
1318 322 1475 351 vexatam
1501 315 1773 349 Atheniensibus

1096 364 1132 397 in
1162 364 1266 397 fidem
1293 363 1434 402 dabant,
1457 361 1517 395 sed
1542 361 1773 406 repudiaban-

1097 416 1154 443 tur
1172 422 1184 443 1
1195 421 1224 449 1,
1240 421 1253 442 1
1264 421 1292 442 1.

1053 456 1198 495 Hieron,
1219 454 1498 499 promontorium
1519 454 1556 486 in
1579 453 1682 486 Ponti
1698 453 1773 486 fau-

1098 502 1197 535 cibus
1215 501 1294 543 468,
1311 512 1361 534 10.
1381 499 1460 544 926,
1479 508 1512 542 5.
1535 510 1633 539 1211,
1653 508 1707 543 25.

1049 547 1155 592 Ἱερὸν
1172 546 1259 591 ὅρος,
1279 558 1340 580 seu
1356 557 1458 579 mons
1477 557 1582 585 sacer,
1601 546 1674 589 jam
1692 556 1774 578 con-

1100 593 1192 627 dicta
1216 599 1248 626 et
1273 591 1499 637 jurejurando
1525 592 1656 624 sancita
1679 602 1775 634 pace,

1100 646 1240 683 captum
1269 650 1288 672 a
1318 638 1479 682 Philippo
1504 638 1547 681 85
1570 638 1634 670 ult.
1680 642 1775 670 ante-

1100 697 1205 730 quam
1224 684 1406 728 Diopithes
1425 683 1594 717 coloniam
1613 683 1648 716 in
1668 682 1776 715 Cher-

1100 731 1290 764 rhonesum
1317 730 1456 763 duceret
1473 740 1549 770 114,
1565 729 1617 762 18.
1644 739 1723 772 390,
1742 739 1775 772 3.

1100 789 1170 810 una
1197 789 1276 810 cum
1306 776 1477 809 thesauris
1500 775 1594 818 (fort.
1614 774 1776 819 Miltocy-

1101 823 1185 865 this)
1211 835 1230 855 a
1260 822 1368 866 Cotye
1400 826 1609 864 occupatum
1638 820 1717 864 655,
1744 819 1776 853 6.

1101 867 1396 913 geininum'Upos
1422 869 1510 912 ἱερὸν
1534 866 1652 900 statuit
1675 866 1777 899 Vale-

1103 916 1174 948 sius
1208 914 1252 948 ad
1280 914 1451 957 Harpocr.
1475 914 1542 957 76„
1567 913 1711 945 alterum
1741 913 1778 945 in

1101 961 1259 1000 Thracia,
1286 961 1432 993 alterum
1459 958 1501 992 ad
1528 958 1680 992 Pontum
1706 958 1777 991 Eu-

1103 1007 1236 1040 xinum.

1058 1053 1308 1097 Hieronymus,
1329 1051 1450 1091 Arcas,
1472 1049 1629 1094 proditor
1646 1060 1726 1094 324,
1745 1061 1778 1094 9.

1103 1098 1268 1131 adversus
1286 1109 1366 1130 eum
1384 1097 1534 1140 Philippi
1552 1102 1665 1140 partes
1679 1101 1779 1129 tuen-

1103 1150 1173 1177 tem
1192 1144 1278 1177 dixit
1295 1142 1486 1176 Aeschines
1509 1142 1551 1175 ad
1576 1142 1779 1186 Megalopo-

1104 1190 1181 1223 litas
1199 1201 1279 1233 344,
1296 1200 1347 1230 14.

1061 1235 1298 1279 Hipparchus,
1329 1235 1451 1267 histrio
1473 1243 1572 1278 1353,
1591 1242 1642 1276 15.
1687 1233 1780 1267 tribu

1106 1281 1357 1323 Athmonensis
1376 1289 1475 1324 1354,
1494 1281 1526 1313 6.

1061 1327 1286 1371 Hipparchus
1305 1338 1384 1360 cuni
1403 1326 1541 1359 duobus
1567 1326 1640 1359 aliis
1663 1336 1682 1358 a
1700 1325 1781 1358 Phi-

1105 1374 1200 1417 lippo
1222 1373 1374 1406 Eretriae
1397 1378 1566 1416 tyrannus
1591 1371 1783 1416 imponitur

1110 1427 1186 1461 125,
1207 1427 1261 1463 27.
1281 1430 1360 1462 324,
1377 1418 1429 1451 16.

1063 1465 1209 1510 Hippias
1227 1464 1421 1503 'l'imoxeni,
1439 1464 1469 1497 T
1472 1462 1693 1509 hymaetades
1714 1474 1783 1507 934

1108 1523 1187 1555 pen.

1064 1557 1211 1601 Hippias
1238 1556 1439 1600 Athenippi‚
1466 1555 1783 1589 Halicarnassensis

1105 1604 1254 1655 929218·
1274 1613 1353 1647 9340
1373 1614 1405 1644 4·
1493 1648 1498 1652 .
1523 1648 1541 1653 ..

1064 1649 1224 1693 Hippias,
1244 1660 1377 1693 coquus
1397 1647 1544 1681 Charisii
1562 1656 1660 1691 1351,
1678 1655 1711 1690 5.

1065 1695 1308 1738 Hippocrates,
1326 1699 1452 1732 orator,
1470 1694 1685 1737 rogationem
1704 1693 1784 1726 tulit

1109 1741 1150 1773 de
1194 1740 1451 1773 Plataeeiisibiis
1495 1739 1629 1772 civitate
1670 1739 1786 1772 Attica

1108 1786 1292 1825 donandis,
1310 1797 1390 1819 cuin
1415 1786 1524 1829 patria
1550 1796 1612 1818 sua
1637 1796 1656 1817 a
1679 1784 1784 1817 Lace-

1110 1832 1298 1865 daemoniis
1313 1831 1409 1876 ejecti
1427 1839 1552 1869 essent,
1567 1831 1666 1875 cujus
1684 1842 1784 1874 roga—

1109 1878 1211 1911 tionis
1230 1878 1379 1911 formula
1396 1877 1544 1910 habetur
1560 1888 1593 1920 p.
1610 1877 1708 1920 1380,
1730 1887 1784 1909 22.

1066 1924 1317 1968 Hippodamea,
1336 1935 1464 1956 nomen
1489 1923 1553 1955 fori
1577 1923 1613 1955 in
1635 1922 1785 1961 Piraeeo,

1111 1970 1232 2003 semita
1259 1970 1305 2002 ibi
1335 1969 1494 2013 primaria
1518 1974 1550 2001 et
1579 1967 1784 2012 splendidis-

1112 2016 1209 2051 sima,
1252 2016 1300 2048 sic
1334 2015 1425 2048 dicta
1468 2014 1510 2047 ab
1551 2013 1786 2058 Hippodamo,

1111 2062 1308 2100 architecto,
1323 2061 1382 2106 qui
1402 2060 1580 2094 Piraeeum
1597 2059 1787 2093 aedificavit

1117 2118 1214 2151 1190,
1235 2116 1288 2150 27.

1068 2153 1255 2196 Hipponici
1273 2164 1370 2195 gens,
1386 2151 1478 2185 unde
1496 2151 1561 2184 fuit
1579 2150 1787 2189 Alcibiades,

1112 2199 1241 2232 meritis
1274 2199 1309 2230 iii
1342 2197 1593 2241 rempublicam
1629 2197 1788 2230 inclaruit

1114 2244 1192 2285 561,
1214 2255 1267 2277 20.

1070 2289 1289 2332 Hipponicus
1315 2300 1334 2321 a
1360 2288 1519 2332 Philippo
1549 2288 1677 2320 missus
1708 2299 1789 2320 cum

1112 2336 1205 2368 inille
1237 2334 1455 2367 mercenariis
1487 2334 1656 2367 Eretriam
1686 2344 1789 2366 occu-

1115 2381 1207 2423 pavit
1226 2391 1300 2423 125,
1321 2391 1374 2420 24.

1071 2426 1310 2469 Hippothoon,
1329 2437 1521 2470 eponymus
1543 2424 1789 2468 Hippothoon-

1116 2471 1266 2504 tidarum
1286 2474 1381 2515 1398,
1402 2480 1456 2515 27.

1071 2517 1215 2550 Homeri
1229 2518 1294 2550 loci
1309 2517 1495 2550 recitantur
1510 2517 1608 2561 1398,
1621 2527 1672 2549 10.
1690 2527 1788 2560 1409,

1072 2608 1323 2652 Ιὶγῖ1ς11111111103
1351 2620 1370 2641 a
1393 2613 1486 2651 patre
1508 2607 1702 2640 Erechtheo
1728 2619 1790 2651 pro

1117 2654 1243 2697 patriae
1270 2655 1378 2687 salute
1400 2653 1463 2686 diis
1488 2659 1569 2686 sunt
1594 2654 1791 2686 immolatae

1121 2710 1218 2743 1397,
1236 2700 1286 2732 18.

1072 2744 1274 2788 Hyblesius,
1288 2744 1529 2783 navicularius,
1541 2743 1714 2776 mercibus
1732 2754 1793 2786 per

1117 2802 1210 2823 mare
1227 2790 1365 2823 aliunde
1383 2790 1448 2822 alio
1466 2789 1738 2822 transvectandis
1756 2789 1791 2821 iri

1118 2835 1264 2869 navibus
1283 2836 1353 2869 suis
1368 2840 1549 2879 quaestum
1568 2835 1695 2867 faciens
1712 2833 1790 2878 926,

1118 2882 1149 2913 ‹⁹3-
1169 2892 1247 2925 934,
1264 2890 1315 2922 15-

1074 2925 1280 2970 Hyperides.
1301 2925 1461 2959 Cleandri
1479 2925 1579 2963 filius,
1601 2924 1790 2968 Sphettiiis.
