1935 3200
296 145 409 186 1080
667 141 989 183 ADVERSUS
1021 140 1325 181 APHOBUM
1361 139 1443 180 ΙΙΙ.

292 250 443 289 braeus
478 251 530 299 πῆ
569 249 880 299 παρακρούσεται
915 250 991 298 (se.
1019 245 1222 298 ”Αφοβος)
1258 246 1405 286 ἕκαστα
1439 245 1564 285 αὐτῶν
1596 244 1641 295 (1.
1671 258 1705 284 e.
1737 247 1813 283 τῶν

298 309 608 357 ψευδολογιῶν).

353 362 446 413 844,
473 372 508 413 7.
540 362 612 400 σὺν
641 363 743 400 θεοῖς
772 360 913 411 εἰπεῖν]
942 359 1079 405 Plato,
1103 362 1150 398 ut
1178 358 1299 397 decet
1327 356 1631 410 philosophum,
1653 356 1813 396 mavult

295 417 433 457 dicere
470 417 543 456 σὺν
579 419 652 469 θεῷ
691 417 826 455 εἰπεῖν.
878 415 931 454 V.
972 414 1243 454 Heindorfius
1282 413 1337 454 ad
1376 413 1601 453 Theaetet.
1644 427 1683 466 p.
1715 425 1811 466 311.

302 473 562 513 SCHAEF.

354 529 448 579 844,
478 541 540 567 12.
563 528 633 577 τὴν
663 529 828 577 ἐμαυτοῦ
858 527 1201 578 καταμεμφόμενος
1229 526 1399 580 ἡλικίαν]
1424 525 1490 565 Sic
1514 525 1656 565 Isaeus
1682 539 1719 579 p.
1744 526 1811 573 64,

295 599 364 635 40.
389 586 459 634 τὴν
480 585 634 635 ἡλικίαν
655 585 724 633 τὴν
752 585 888 623 ἑαυτοῦ
915 582 1279 634 καταμεμψάμενος.

355 642 449 692 844,
478 643 540 680 16.
581 640 669 692 οὐχὶ
711 639 1032 693 τῷ-πιστεύων]
1071 638 1188 677 Idem
1223 642 1288 677 est
1323 651 1372 677 ac
1409 636 1442 676 si
1479 637 1653 677 dixisset
1688 636 1813 690 paulo

296 696 541 745 inornatius7
572 696 645 736 sed
677 695 862 750 planius:
897 696 984 747 οὐχὶ
1011 695 1203 734 πιστεύων
1231 695 1281 748 τῷ
1312 692 1531 745 ἐξελέγξειν
1558 695 1657 739 τινὰ,
1681 694 1739 732 ὅτι
1766 694 1813 731 τὰ

296 756 424 805 ψευδῆ
447 754 562 792 αὐτοῦ
591 752 987 802 καταμεμαρτύρηκεν.
1023 751 1227 790 REISK.
1290 749 1383 789 Non
1403 749 1538 788 minus
1559 749 1727 803 planum
1749 752 1815 788 est

299 809 410 863 quod
434 814 578 848 orator
599 807 725 847 dedit.
765 808 1023 847 SCHAEF.

358 866 451 918 845,
470 875 508 918 5.
532 866 600 914 τὴν
622 865 744 914 δίκην]
766 864 808 902 τὸ
832 866 896 912 τῆς
918 865 1022 911 δίκης
1042 864 1196 913 τίμημα,
1218 866 1267 902 ut
1288 876 1326 915 p.
1349 862 1442 913 844,
1462 861 1524 900 18.
1551 861 1811 900 SCHAEF.

358 924 454 974 845,
484 931 543 974 15.
576 920 760 973 Ἀφόβῳ]
793 919 922 958 Α111111
957 919 1135 959 fortasse
1170 932 1319 957 nomen
1355 932 1430 971 pro
1467 917 1544 957 1100
1579 917 1812 971 legendum.

302 977 410 1028 Quid
438 977 473 1016 si
507 978 641 1030 Αἰσίῳ,
667 976 789 1015 fratri
820 975 1019 1028 Aphobi?
1055 974 1245 1014 WOLF.
1309 973 1541 1013 Dubitatur
1569 973 1619 1012 de
1650 972 1815 1012 nomine

300 1033 468 1087 proprio
503 1032 682 1086 Ἀφόβῳ,
721 1032 831 1085 quod
872 1032 1101 1085 probumne
1138 1031 1193 1070 sit
1229 1044 1281 1070 an
1317 1044 1491 1083 pravum
1531 1043 1680 1082 parum
1715 1029 1814 1067 mihi

301 1089 443 1143 liquet.
506 1088 678 1142 Aphobi
710 1094 822 1128 certe
853 1088 988 1141 hujus,
1021 1092 1168 1127 contra
1195 1101 1316 1139 quem
1347 1086 1459 1126 aetio
1490 1092 1565 1133 est,
1593 1084 1702 1124 filius
1732 1100 1815 1124 non

304 1146 467 1185 videtur
491 1144 616 1184 fuisse
636 1161 643 1184 :
678 1144 845 1184 tametsi
872 1158 955 1183 11011
982 1148 1103 1184 extra
1127 1157 1284 1182 morem
1309 1147 1419 1181 esset
1440 1140 1620 1181 Athenis
1642 1146 1689 1181 ut
1710 1141 1817 1180 filius

304 1201 438 1256 patris
468 1215 615 1240 nomen
644 1205 820 1254 gereret,
845 1200 954 1253 quod
977 1200 1018 1239 in
1046 1200 1135 1253 ipso
1159 1198 1441 1238 Demosthene
1468 1202 1648 1237 constat.
1710 1197 1816 1236 Nam

306 1258 413 1298 infra
442 1257 748 1297 Demosthenes
777 1256 837 1296 ait
861 1256 1153 1309 jusjurandum
1181 1270 1207 1294 a
1235 1269 1277 1294 se
1307 1269 1395 1294 esse
1424 1254 1605 1307 Aphobo
1634 1253 1817 1293 delatum

307 1316 404 1353 κατὰ
434 1316 500 1362 τῆς
532 1315 730 1364 θυγατρός.
793 1312 877 1352 Cur
906 1313 990 1352 filia
1022 1312 1109 1351 sola
1141 1315 1548 1357 connnemoraretur,
1581 1311 1613 1349 si
1644 1310 1752 1349 filius
1780 1310 1817 1349 ei

307 1370 479 1409 suisset!
506 1369 687 1408 Videtur
707 1368 848 1421 itaque
870 1369 935 1408 1110
956 1368 1063 1408 alter
1084 1367 1289 1420 Aphobus
1314 1366 1364 1418 (si
1389 1367 1465 1405 hoc
1489 1366 1524 1405 ei
1547 1380 1695 1405 nomen
1717 1366 1816 1413 fuit)

309 1425 478 1479 Aphobi
525 1425 738 1465 fraudibus
784 1425 942 1464 tutelae
987 1423 1196 1464 nobilitati
1240 1423 1362 1462 fuisse
1406 1437 1456 1462 ex
1500 1424 1632 1462 fratre
1677 1436 1818 1475 nepos.

309 1482 468 1521 Onetor
494 1481 573 1521 fuit
600 1481 707 1520 filius
735 1480 979 1520 Philonidae
1007 1479 1242 1520 Melitensis
1267 1484 1309 1519 et
1334 1478 1468 1518 affinis
1492 1478 1688 1532 Aphobi:
1722 1493 1819 1518 nam

308 1552 426 1577 soror
462 1537 657 1577 Onetoris
694 1541 785 1576 erat
820 1551 926 1576 uxor
964 1536 1145 1590 Aphobi.
1188 1536 1241 1575 Υ.
1274 1551 1313 1589 p.
1339 1536 1432 1588 831,
1457 1536 1492 1575 8.
1556 1535 1665 1574 Num
1698 1537 1820 1588 Αἰσίῳ

308 1594 556 1648 legendum?
589 1593 641 1632 V.
665 1608 702 1646 p.
726 1594 820 1644 841),
841 1606 877 1633 2.
911 1593 1109 1632 REISK.
1175 1592 1268 1631 Hoc
1297 1591 1448 1645 recepi.

366 1650 554 1702 ἐκείνους]
594 1649 811 1703 Significat
844 1649 1068 1702 Aphobum
1104 1648 1217 1688 illum
1253 1648 1474 1688 obscurum
1506 1652 1549 1687 et
1580 1647 1820 1687 Onetor-em.

310 1706 513 1745 REISK.

368 1762 464 1815 845,
492 1773 552 1814 17.
583 1762 652 1800 τὸν
679 1761 841 1814 λάκκον]
871 1761 1045 1801 Suidas:
1079 1761 1228 1812 ὄρυγμα
1259 1762 1312 1802 εἰς
1343 1762 1448 1800 οἴνου
1481 1760 1540 1799 καὶ
1570 1760 1703 1799 ἐλαίου
1730 1761 1821 1798 ὑποω

309 1817 442 1869 δοχήν.
480 1817 667 1857 WOLF.
714 1817 767 1856 V.
793 1817 951 1856 Anecd.
977 1816 1108 1856 Bekk.
1130 1832 1169 1870 p.
1192 1819 1284 1867 276,
1304 1829 1368 1856 20.
1390 1820 1433 1855 et
1457 1815 1644 1863 Photius,
1667 1830 1706 1868 p.
1727 1827 1820 1864 204,

312 1885 347 1912 2.
376 1873 444 1913 ubi
476 1887 527 1912 ex
556 1873 642 1912 11.1.
675 1873 860 1912 citantur
891 1876 955 1922 τῆς
984 1871 1326 1926 οἰκίας-ἐξῴκηκε
1358 1886 1440 1912 11011
1471 1871 1558 1911 sine
1588 1871 1822 1925 scripturae

310 1929 566 1969 diversitate.
601 1929 853 1968 SCHAEF.

369 1986 462 2038 845,
489 1997 553 2024 20.
588 1984 784 2035 Μέγαράδ’
811 1984 990 2038 ἐξῴκηκε]
1014 1984 1239 2038 Aphobnm
1266 1984 1443 2035 Megara
1468 1983 1706 2024 habitatum
1728 1997 1822 2023 con-

311 2041 481 2080 cessisse
512 2041 567 2079 nil
596 2041 736 2079 miror.
800 2040 881 2079 Sed
908 2041 984 2079 hoc
1012 2041 1150 2089 miror,
1175 2040 1242 2093 qui
1272 2040 1457 2094 potuerit
1478 2040 1512 2079 is
1541 2045 1689 2080 eontra
1713 2040 1823 2079 Pha-

312 2111 409 2135 1111111
441 2102 483 2136 et
515 2096 633 2135 simul
665 2102 813 2135 contra
845 2097 1169 2136 Demosthenem
1202 2097 1242 2135 in
1273 2098 1362 2136 soro
1390 2096 1535 2136 Attico
1561 2096 1655 2148 jure
1686 2110 1821 2149 agere,

313 2152 382 2205 qui
412 2152 687 2191 voluntarium
719 2151 805 2204 ipse
834 2152 911 2191 sibi
941 2152 1127 2191 exsilium
1159 2152 1377 2192 indixisset
1405 2166 1536 2205 eoque
1563 2152 1652 2190 foro
1675 2151 1823 2191 Attico

312 2207 572 2247 excessisset.
612 2208 798 2245 ltlsslfflx'.
852 2209 1026 2261 Megara
1047 2213 1322 2255 concesserat,
1347 2209 1418 2248 sed
1440 2222 1521 2247 11011
1544 2213 1591 2247 ut
1612 2208 1726 2246 exsul
1749 2222 1823 2247 nee

312 2264 451 2317 patria
473 2263 635 2316 ejurata
685 2264 942 2303 3111111111.

372 2319 466 2371 845,
494 2332 556 2358 21.
583 2320 911 2359 Annotationem
933 2334 972 2373 g.
995 2320 1052 2358 sie
1074 2319 1245 2374 corrige,
1267 2320 1490 2370 μισήσαιτε]
1515 2318 1701 2369 μισήσετε
1724 2319 1765 2359 S.

372 2377 466 2425 840,
497 2387 556 2412 12.
589 2374 940 2428 ὥσθ’-εἴσεσθαι]
980 2376 1046 2415 Sic
1082 2391 1122 2430 p.
1152 2379 1244 2430 865,
1279 2389 1340 2416 10.
1394 2375 1448 2415 V.
1479 2375 1532 2415 ad
1564 2389 1603 2428 p.
1630 2377 1726 2429 363,
1757 2376 1821 2415 28.

315 2430 424 2471 SOI-l
432 2430 466 2468 Α
479 2430 509 2468 Ε
518 2431 564 2469 F.

374 2487 467 2537 846,
498 2498 558 2536 17.
585 2487 838 2539 Δημοφῶντι]
869 2487 1028 2536 Δήμωνι
1057 2489 1118 2527 καὶ
1141 2492 1377 2538 Δημοφῶντι
1405 2487 1497 2526 edd.
1521 2491 1680 2526 Veteres
1705 2491 1748 2526 et
1771 2487 1819 2525 F.

316 2541 452 2581 Demo
488 2541 642 2580 (licitur
673 2545 953 2592 συνεπίτροπος
983 2558 1022 2595 p.
1053 2544 1146 2590 861,
1173 2554 1211 2596 5.
1264 2543 1444 2584 κοινωνὸς
1475 2547 1551 2582 τῶν
1584 2542 1824 2592 ἀδικημάτων

315 2613 354 2651 p.
388 2598 481 2650 850,
513 2608 570 2650 15.
609 2597 855 2637 SCHAEF.
920 2598 1084 2638 Scilicet
1122 2599 1281 2638 Demon
1321 2598 1452 2638 tribus
1488 2597 1697 2638 tutoribus
1732 2604 1822 2638 erat

317 2653 434 2706 quasi
458 2653 660 2703 πάρεδρος,
685 2667 812 2705 ecque
836 2653 923 2707 ipse
945 2659 1062 2693 tutor
1083 2655 1218 2694 vocari
1243 2654 1393 2708 potuit.
1430 2653 1598 2693 DOBR.

375 2710 468 2759 846,
494 2720 558 2757 24.
586 2713 801 2759 μαρτυριῶν
829 2710 953 2749 πλέοι·
974 2708 996 2759 ἦ
1017 2710 1116 2749 πάνυ
1142 2711 1318 2762 πολλῶν]
1350 2709 1523 2749 Locutio
1545 2708 1822 2762 hyperbolica,

317 2779 440 2817 quam
463 2763 697 2817 comparavi
724 2778 816 2803 eum
846 2770 961 2805 πλεῖν
981 2764 1003 2814 ἦ
1025 2768 1199 2806 τάλαντα
1226 2765 1356 2805 πολλά
1382 2780 1448 2818 ap.
1473 2765 1689 2818 Aristoph.
1715 2764 1822 2805 Nub.

327 2823 398 2859 106
402 2830 441 2872 5.

376 2876 469 2925 846,
496 2888 559 2928 29.
589 2876 681 2927 τῶν]
712 2875 906 2914 Deletum
934 2876 1110 2916 fortasse
1139 2876 1258 2916 malis
1280 2880 1326 2915 ut
1354 2880 1492 2916 ortum
1520 2891 1571 2916 ex
1600 2876 1824 2916 iteratione

317 2930 496 2983 syllabae
526 2931 824 2971 antecedentis.
886 2931 954 2971 Sic
986 2932 1072 2971 sine
1103 2932 1280 2972 articulo
1307 2936 1649 2984 ψευδομαρτυριῶν
1680 2932 1824 2971 διώκων
