1925 3215
508 133 829 174 ADVERSUS
871 131 1251 173 EFBULIDEM.
1525 131 1635 173 1389

186 249 303 290 1307,
325 249 388 277 20.
415 239 514 277 τόσα
536 239 597 278 καὶ
620 240 731 289 τόσα]
764 238 889 277 Plane
911 237 968 276 sic
992 235 1213 276 Germani:
1246 250 1285 275 so
1306 234 1392 274 und
1409 248 1450 274 so
1473 235 1559 274 viel.
1592 235 1634 273 τὸ

122 296 165 334 δὲ
187 295 338 344 ξύμπαν
361 294 578 344 κεφάλαιον
594 296 769 346 γίγνεται
790 296 909 334 τόσον
932 294 993 333 καὶ
1015 295 1133 332 τόσον
1164 308 1202 345 p.
1229 306 1322 344 914,
1356 304 1412 341 17.
1468 291 1635 345 Harpo-

122 350 286 390 cration
320 364 351 389 S.
383 365 417 389 V.
453 351 778 403 ἐπικεκηρυχεί.·αι,
812 351 991 401 ἐκήρυττε
1026 350 1167 389 δώσειν
1202 349 1537 400 χρήματα-τόσα
1573 348 1634 386 καὶ

123 407 234 445 τόσα.
268 405 518 446 3οῙἸΛΕΕ.

185 474 304 516 1307,
326 474 389 516 23.
413 462 563 516 τοίνυν]
588 464 732 502 l’orro.
767 461 1016 502 SOHAEF.

186 530 304 572 1307,
331 531 395 570 25.
428 521 523 557 κατὰ
545 518 701 572 θάτερα]
736 518 961 558 Lambinus
982 517 1033 566 μὴ
1057 519 1151 556 κατὰ
1173 517 1327 565 θάτερα.
1390 515 1472 555 Sed
1501 515 1635 555 locum

123 588 204 614 non
243 574 458 621 intellexit,
487 574 554 628 qui
586 575 690 614 bene
718 591 743 614 a,
776 574 928 613 Wolfio
959 573 1158 612 redditur.
1221 573 1465 612 Athenaeus
1500 586 1559 626 13.
1594 587 1634 625 p.

124 641 205 684 577
232 630 277 669 B.
299 630 548 681 Ἀριστοφῶν
570 633 609 669 δὲ
632 633 651 669 ὁ
672 631 807 682 ῥήτωρ,
832 632 851 669 ὁ
883 630 952 668 τὸν
983 630 1100 678 νόμον
1130 630 1364 679 εἰσενεγκὼν
1393 628 1452 667 ἐπ’
1478 629 1636 667 Εὐκλεί-

124 690 193 726 δου
215 687 415 738 ἄρχοντος,
439 686 479 727 ὃς
501 686 548 726 ἂν
569 687 620 736 μὴ
642 689 681 736 ἐξ
704 689 823 735 ἀστῆς
844 689 1002 737 γένηται
1025 686 1141 724 νόθον
1160 685 1269 731 εἶναι,
1292 685 1406 725 αὐτὸς
1427 685 1636 736 ἀπεδείχθη

126 744 350 791 -ἐκ-τῆς
372 744 523 792 ἑταίρας
550 743 937 792 παιδοποιησάμενος.
966 741 1043 780 TA
1054 741 1224 779 YLOR.
1269 740 1432 779 Scilicet
1454 739 1550 790 μέρη
1572 743 1639 779 τοῦ

127 797 277 850 γένους.
316 798 478 837 etiamsi
508 813 533 837 a
564 805 684 851 parte
720 798 853 851 putris
884 797 1141 837 solummodo
1171 800 1244 836 aut
1280 811 1305 835 a
1337 801 1457 849 parte
1490 795 1638 835 matris

125 854 227 893 civis
250 853 409 902 fuisset,
435 854 601 907 genitus
621 869 646 894 a
667 860 799 907 patre,
824 854 892 907 qui
916 859 1025 893 esset
1047 853 1159 899 civis,
1184 861 1223 892 et
1247 857 1395 899 matre,
1421 866 1526 904 quae
1557 866 1640 890 non

126 914 248 957 esset,
271 914 345 949 aut
372 925 398 949 a
425 916 560 949 matre
588 915 713 950 natus
743 910 842 956 cive,
871 924 893 949 e
920 915 1040 962 patre
1070 908 1302 962 peregrino,
1326 915 1466 948 tamen
1496 907 1641 947 fuisset

127 965 238 1006 inter
273 966 380 1005 cives
417 966 647 1014 habendus,
679 966 830 1020 quippe
863 967 931 1019 qui
965 970 1088 1005 natus
1121 969 1231 1004 esset
1264 969 1362 1004 ante
1396 964 1640 1003 archontem

129 1021 362 1070 Euclidem,
389 1023 466 1062 sub
496 1038 577 1075 quo
608 1023 671 1062 lex
706 1023 804 1069 lata7
835 1027 882 1061 ut
910 1021 1188 1075 postmodum,
1212 1021 1287 1059 hoc
1314 1025 1377 1060 cst
1405 1025 1499 1073 post
1528 1019 1641 1059 illum

128 1093 298 1126 annum,
320 1093 401 1131 quo
421 1079 577 1118 archon
599 1083 707 1119 essct
733 1078 936 1125 Euclides,
961 1078 1194 1131 quicunque
1220 1077 1372 1116 liberos
1394 1076 1644 1129 suscepisset

128 1149 151 1175 e
183 1134 362 1175 foemina
389 1149 471 1174 non
499 1135 599 1183 cive,
627 1140 675 1175 ut
706 1134 760 1174 illi
792 1135 909 1174 liberi
938 1134 1056 1174 nothi
1090 1138 1239 1173 essent.
1274 1133 1477 1172 REISK.
1541 1133 1645 1172 Post

131 1190 273 1242 θάτερα
304 1191 505 1231 excidisse
535 1194 657 1241 μόνον
684 1191 848 1230 videtur
879 1190 1039 1230 Meiere
1068 1190 1117 1229 de
1148 1190 1250 1229 Bon.
1283 1189 1481 1229 Damnat.
1513 1203 1551 1242 p.
1576 1201 1642 1238 72.

133 1246 228 1287 Non
250 1261 352 1300 opus
383 1247 503 1287 addi:
538 1262 634 1287 nam
656 1247 785 1286 vicem
806 1247 894 1301 ejus
925 1246 1027 1286 satis
1048 1246 1187 1299 explet
1208 1245 1319 1285 vocis
1346 1250 1470 1285 tonus
1491 1259 1644 1284 acuens

133 1303 288 1354 θάτερα.
335 1303 461 1343 Hom.
490 1304 611 1343 Iliad.
645 1305 684 1352 8,
715 1305 806 1343 228.
851 1303 949 1344 εἶδος
989 1304 1136 1354 ἀγητοί.
1200 1302 1437 1355 lnterprcs:
1474 1302 1645 1341 “forma

132 1363 299 1399 tantum
320 1359 621 1399 ad1nirabiles.”
684 1361 843 1398 Inuno:
878 1359 1049 1412 “forma
1077 1357 1386 1398 admirabile&
1448 1357 1645 1397 Ceterum

132 1430 215 1455 non
237 1430 327 1455 esse
358 1416 686 1456 subaudiendum
707 1415 802 1466 μέρη
834 1419 900 1454 τοῦ
932 1414 1069 1466 γένους
1099 1414 1217 1453 facilc
1238 1413 1459 1465 intelliges,
1481 1413 1514 1452 si
1537 1427 1646 1452 com—

132 1472 344 1525 paraveris
366 1486 470 1525 quae
501 1472 688 1526 congessi
719 1472 760 1510 in
795 1472 840 1510 L.
864 1471 976 1510 Bosii
1008 1470 1150 1524 Ellips.
1174 1485 1213 1524 p.
1235 1472 1332 1521 481.
1358 1466 1436 1508 κατ’
1460 1467 1645 1520 ἀμφότερ’

133 1543 173 1581 p.
195 1541 315 1582 1310,
341 1541 404 1579 27.
439 1528 591 1569 SCHA
602 1528 690 1567 EF.
743 1527 902 1568 Civium
922 1527 1139 1566 mulierum
1161 1540 1183 1566 e
1204 1525 1397 1579 patribus
1418 1524 1648 1579 peregrinis

133 1583 206 1623 filii
237 1589 377 1624 utrum
406 1584 613 1639 peregrini
647 1598 699 1624 an
728 1583 835 1623 cives
866 1583 1021 1623 fuerint
1056 1597 1137 1622 non
1162 1582 1264 1621 satis
1297 1586 1476 1621 constat.
1542 1581 1649 1621 Nam

136 1643 233 1680 κατὰ
263 1641 406 1691 θάτερα
433 1655 498 1694 ap.
524 1640 742 1680 Deinosth.
766 1640 805 1679 h.
831 1640 854 1679 l.
883 1638 1067 1679 dubitari
1100 1643 1238 1692 potest
1271 1642 1413 1677 utrum
1443 1637 1650 1691 significet

134 1695 184 1736 ab
211 1696 407 1736 alterutra
430 1703 561 1750 parte,
585 1697 695 1750 quod
728 1695 896 1735 Reiskio
927 1700 970 1735 et
1003 1694 1163 1734 Meiere
1192 1694 1236 1747 [l.
1259 1694 1313 1746 c.]
1343 1693 1476 1733 visum
1499 1698 1574 1739 est,
1596 1706 1650 1732 an

135 1751 185 1792 ab
206 1752 334 1792 altera
346 1760 481 1806 parte,
504 1753 543 1792 h.
568 1768 603 1792 e.
628 1768 652 1792 a
675 1758 808 1806 patre.
866 1751 924 1791 Et
947 1766 996 1790 ex
1019 1750 1251 1790 Aristotele
1273 1749 1438 1802 quidem
1462 1749 1587 1788 Polit.
1611 1762 1649 1801 3,

135 1822 175 1863 3,
198 1822 237 1859 4.
261 1814 438 1862 apparet
468 1808 604 1849 rarius
625 1809 751 1848 fuisse
772 1822 846 1847 nec
875 1807 950 1846 nisi
981 1807 1023 1845 in
1053 1806 1232 1846 maxime
1254 1805 1442 1859 populari
1474 1804 1646 1857 imperio

137 1864 342 1905 usitatum
373 1870 419 1904 ut
451 1865 558 1904 cives
588 1869 728 1904 essent
749 1864 818 1916 qui
849 1868 1027 1902 matrem
1055 1861 1348 1902 tantummodo
1365 1861 1490 1900 civem
1524 1860 1650 1900 habe-

137 1926 245 1960 rent.
283 1920 669 1960 SOHOEMANN.
697 1919 843 1972 Antiq.
874 1919 985 1972 publ.
1019 1933 1060 1971 p.
1088 1928 1180 1969 197.
1235 1915 1554 1969 Aristophontis
1585 1915 1651 1955 lex

139 1990 267 2029 quum
288 1990 370 2015 non
392 1976 523 2015 solum
543 1976 599 2016 ad
619 1990 689 2015 eos
710 1975 940 2028 pertineret
966 1974 1035 2027 qui
1057 1980 1152 2027 post
1175 1972 1405 2019 Euclidem,
1428 1972 1500 2011 sed
1523 1971 1652 2011 ctiam

140 2032 210 2085 qui
231 2037 330 2071 ante
351 2032 439 2084 ejus
461 2031 753 2084 magistratum
775 2031 864 2070 nati
886 2034 1036 2078 essent,
1062 2029 1328 2083 postmodum
1350 2028 1404 2068 ab
1429 2028 1652 2067 Nicomene

140 2088 200 2127 ita
222 2092 285 2127 est
307 2092 494 2128 correcta
515 2092 563 2127 ut
591 2087 632 2126 in
654 2102 723 2127 eos
751 2091 918 2126 tantum
942 2086 1023 2125 vim
1054 2086 1227 2125 haberet
1251 2084 1320 2138 qui
1352 2089 1445 2137 post
1468 2083 1652 2123 Euclidis

140 2143 433 2197 magistratum
455 2143 543 2183 nati
565 2148 727 2183 essent:
761 2158 797 2182 v.
820 2142 946 2182 schol.
969 2141 1191 2181 Aeschinis
1212 2141 1266 2181 ad
1287 2156 1326 2194 p.
1351 2142 1387 2189 6,
1418 2153 1478 2194 13.
1538 2139 1653 2179 Hinc

139 2199 386 2253 explicanda
407 2199 587 2240 oratoris
608 2200 734 2239 verba
754 2199 897 2250 γέγονε
918 2200 993 2250 γὰρ
1013 2197 1087 2248 πρὸ
1110 2198 1334 2236 Εὐκλείδου.

203 2256 322 2309 1308,
352 2269 384 2295 1.
418 2256 488 2305 τὴν
513 2255 682 2309 ἀγορὰν]
716 2255 825 2295 Dedi
847 2254 898 2294 de
918 2268 1010 2293 meo
1031 2257 1097 2302 τῆς
1119 2254 1275 2304 ἀγορᾶς,
1296 2257 1464 2306 praete)-
1484 2251 1653 2298 decreta,

142 2325 243 2365 qua-e
263 2318 385 2365 ayunt
405 2311 452 2350 de
461 2312 556 2364 fhro
577 2318 612 2352 et
633 2311 803 2364 περοίῖίε.
827 2325 926 2364 quae
948 2310 1097 2362 infore
1118 2315 1355 2355 mercantum
1376 2314 1423 2348 ut
1444 2312 1656 2346 mercatus

143 2372 208 2407 est-
223 2381 363 2406 rerum
383 2367 601 2407 venalium.
633 2367 828 2406 REISK.
882 2365 1043 2405 Mutari
1066 2379 1148 2405 non
1170 2379 1285 2418 opus.
1336 2364 1563 2417 Compares
1585 2363 1656 2411 τὴν

143 2423 230 2473 περὶ
245 2423 288 2461 τὸ
305 2425 490 2473 φρούριον
504 2425 726 2473 οἰκονομίαν
742 2421 1040 2476 Xenophontis
1055 2420 1204 2474 Cyrop.
1216 2430 1304 2475 573,
1319 2431 1384 2473 25.
1405 2418 1654 2459 SGHAEF.

206 2479 325 2531 1308,
349 2479 387 2517 6.
419 2480 566 2520 ταινίας
593 2478 760 2532 πωλεῖν]
792 2479 1081 2531 Hermogenes
1112 2491 1202 2529 cap.
1236 2477 1323 2526 περὶ
1355 2475 1567 2525 ἀφελείαςῖ
1602 2473 1657 2511 ἔτι

146 2534 309 2583 ἀφελεῖς
330 2534 474 2573 ἔννοιαι
496 2535 557 2573 καὶ
578 2536 617 2573 αἱ
637 2535 864 2584 πλησιάζειν
884 2551 964 2575 πως
985 2536 1168 2573 δοκοῦσαι
1192 2533 1243 2585 τῷ
1274 2532 1437 2570 εὐτελεῖ.
1481 2531 1658 2580 γίνονται

146 2590 187 2628 δὲ
211 2589 334 2634 αὗται,
358 2590 452 2628 ὅταν
478 2590 565 2639 περὶ
595 2590 762 2630 εὐτελῶν
791 2592 851 2630 καὶ
879 2594 955 2629 τῶν
981 2590 1179 2640 τυχόντων
1200 2586 1435 2638 πραγμάτων
1457 2585 1555 2635 λέγῃ
1586 2600 1655 2624 τις.

148 2645 198 2685 ὡς
228 2645 270 2683 ἐν
290 2645 341 2697 τῷ
372 2646 466 2683 κατὰ
488 2644 690 2695 Στεφάνου
717 2648 1072 2697 ψευδομαρτυριῶν,
1096 2643 1118 2692 ἣ
1139 2645 1186 2681 τὰ
1209 2642 1496 2692 καταχύσματα,
1521 2640 1655 2689 φησὶν,

149 2700 266 2738 αὐτοῦ
298 2699 471 2751 κατέχεε.
514 2701 576 2739 καὶ
606 2700 726 2740 πάλιν
762 2700 930 2752 ἑτέρωθι·
962 2700 1030 2749 τὴν
1062 2700 1251 2749 ῥοδωνιὰν
1283 2698 1490 2735 ἐκτίλλειν.
1528 2696 1589 2734 καὶ
1616 2695 1658 2733 ἐν

149 2757 194 2808 τῇ
215 2754 310 2804 πρὸς
331 2755 579 2804 Εὐβουλίδην
609 2755 745 2805 ἐφέσει
770 2756 813 2795 τὸ
838 2757 986 2807 λέγειν,
1017 2756 1074 2793 ὅτι
1104 2754 1253 2794 ταινίας
1273 2753 1512 2802 ἐπίπρασκεν
1542 2751 1584 2788 ἐν
1612 2751 1658 2798 τῇ

151 2811 276 2862 ἀγορᾷ
297 2811 320 2859 ἡ
340 2810 474 2861 μήτηρ.
525 2810 610 2850 Adi
632 2811 923 2851 Casaubonum
943 2811 998 2850 ad
1019 2809 1177 2849 Athen.
1207 2819 1243 2860 7,
1268 2820 1332 2848 22.
1358 2812 1401 2847 et
1424 2805 1659 2846 Heraldum

153 2865 375 2905 Animadv.
400 2877 436 2912 2,
462 2877 498 2905 2.
523 2866 561 2916 ξ.
583 2879 646 2916 14.
679 2866 751 2906 TA
763 2867 937 2907 YLOR.
