1956 3236
445 133 772 173 ADVERSUS
808 133 1318 173 PANTAENETUM.
1531 135 1640 178 1149

183 239 276 293 983,
299 250 357 277 12.
381 239 534 278 ἅπαντα
555 238 718 292 τάληθῆ]
752 237 804 277 V.
825 238 878 277 ad
902 253 940 291 p.
962 248 1058 289 447,
1085 239 1149 279 26.

182 295 277 348 983,
302 296 361 334 16.
387 294 577 347 ἀκούσιοι]
611 294 723 333 Bene
745 294 884 334 habet.
951 294 1041 333 Non
1065 295 1173 333 enim
1196 294 1453 334 solummodo
1475 309 1513 348 p.
1540 309 1635 350 990,

127 352 208 398 28„
238 350 307 390 ubi
344 351 457 390 locus
489 350 555 389 hic
588 350 778 399 iteratur,
808 350 868 390 ita
905 350 1067 403 legitur,
1100 351 1170 390 scd
1208 351 1335 391 ctiam
1372 365 1437 390 res
1471 352 1561 404 ipsa
1594 352 1636 390 id

124 406 267 460 exigit.
330 406 461 446 Nemo
483 406 617 454 facile,
639 406 715 445 nisi
742 406 839 446 levis
860 411 903 446 et
931 407 1128 460 impurus,
1151 407 1381 447 homicidae
1403 408 1635 449 voluntario

124 463 258 502 victus
294 463 484 516 precibus
520 468 593 502 aut
625 462 769 502 lucello
802 463 1015 516 ignoscat:
1052 463 1168 503 caedi
1201 469 1341 504 autem
1373 464 1585 512 fortuitae,
1611 480 1637 505 a

125 533 208 572 qua
228 519 443 559 consilium
473 519 668 566 abfuerit,
690 524 849 572 quanto
873 519 1045 573 quisque
1073 524 1138 559 cst
1167 520 1398 569 humanior,
1429 525 1550 561 tanto
1579 522 1636 562 fa-

124 575 240 615 cilius
269 575 447 629 ignoscit
475 590 567 615 cum
596 575 688 615 aliis
718 575 769 615 dc
800 576 969 622 caussis,
1000 581 1090 615 tuin
1119 577 1480 617 commiseratione
1511 578 1636 618 sortis

123 631 341 672 humanae.
387 633 589 671 REISK.

180 688 360 742 983,18.
393 687 598 741 ἀκουσίου]
636 687 775 728 Paene
810 687 950 727 malim
988 689 1176 728 ἑκουσίου.
1240 688 1307 729 Sic
1343 690 1451 729 enim
1486 691 1636 730 fortius

123 744 303 798 stringet
330 748 634 798 argumentum.
696 744 739 784 Si
762 744 864 797 quis,
889 744 957 797 qui
988 744 1115 784 alium
1143 745 1292 794 caedis,
1316 759 1397 785 non
1426 747 1549 786 modo
1577 748 1635 787 in-

122 800 392 847 voluntariae,
411 801 562 840 sedvel
584 800 842 841 voluntariae
863 801 979 848 adc‹›,
996 801 1215 855 peregerit,
1233 806 1372 841 tamen
1395 802 1430 841 ci
1453 808 1635 856 postmo-

122 856 221 896 dum
246 856 463 910 ignoverit,
487 862 576 897 tum
603 857 692 910 jam
721 871 804 896 non
834 862 977 911 potest
1004 862 1124 897 actor
1150 872 1266 897 rcum
1299 859 1514 911 expellere.
1577 861 1635 900 Et

122 913 308 965 profecto
331 928 369 967 p.
389 927 483 967 991,
497 928 537 965 4.
560 913 774 967 perspicue
795 918 1016 953 exaratum
1038 913 1129 967 lego
1151 913 1191 953 in
1214 914 1418 954 Bavarico
1442 917 1632 964 ἑκουσίου,

121 969 191 1009 ubi
213 969 340 1010 ctiam
361 969 401 1009 id
424 969 602 1010 restitui.
637 971 838 1009 RElSK.
901 970 1032 1010 Dedit
1056 970 1184 1023 igitur
1204 970 1330 1011 etiam
1352 971 1418 1011 hic
1442 974 1634 1022 ἑκουσίου,

122 1030 345 1079 propterea
365 1026 639 1080 reprehensus
659 1026 712 1066 ab
736 1026 887 1080 Anglis
909 1025 951 1065 in
969 1026 1025 1066 H.
1047 1026 1249 1080 Stephani
1268 1027 1389 1067 Thes.
1405 1042 1443 1081 p.
1458 1030 1559 1078 1481
1578 1030 1632 1069 A.

123 1086 165 1121 01
185 1096 211 1122 a
235 1082 438 1122 Muellero
459 1082 500 1122 in
521 1082 627 1122 libro
649 1083 700 1122 de
721 1082 995 1122 Doriensibus
1012 1083 1088 1122 vol.
1104 1097 1136 1122 1.
1155 1098 1196 1137 p.
1215 1096 1312 1137 334.
1351 1084 1433 1124 Sed
1456 1086 1634 1125 ἑκουσίου

122 1138 301 1179 servavit
322 1139 500 1179 Bekker.
563 1139 682 1190 Quod
710 1153 804 1178 eum
832 1144 946 1179 recte
975 1139 1119 1179 fecisse
1146 1146 1260 1193 puto.
1324 1140 1431 1181 Nam
1453 1141 1503 1180 de
1524 1143 1633 1182 ἀκου-

122 1195 223 1237 σίοις
258 1197 394 1246 φόνοις
429 1195 655 1235 Nicobulus
690 1200 817 1236 antea
850 1197 1120 1248 (mm—18.)
1154 1196 1355 1237 absolvit:
1399 1211 1519 1246 nunc,
1552 1212 1633 1251 quo

121 1251 380 1291 manifestius
411 1252 486 1292 fiat
508 1256 666 1305 quanta
697 1251 751 1292 sit
781 1252 823 1291 111
850 1253 943 1306 jure
974 1252 1125 1292 Attico
1145 1252 1206 1291 vis
1227 1256 1294 1292 τοῦ
1317 1255 1487 1304 ἀφεῖναι,
1510 1254 1634 1295 docet

122 1306 229 1347 hanc
257 1307 339 1348 vim
373 1308 527 1362 pollere
561 1308 686 1348 etiam
718 1308 760 1348 in
795 1309 985 1350 ἑκουσίοις
1015 1310 1164 1360 φόνοις.
1225 1309 1340 1349 Conf.
1362 1325 1400 1363 p.
1424 1323 1542 1364 1330,
1569 1313 1633 1351 28.

124 1362 274 1416 Itaque
296 1366 470 1404 ἑκουσίου
487 1363 508 1414 ἢ
526 1366 721 1412 ἀκουσίου,
737 1365 848 1419 quod
865 1365 1041 1417 conjecit
1060 1365 1273 1405 Matthiae
1293 1366 1464 1406 Miscell.
1482 1367 1630 1407 Philol.

122 1419 198 1459 vol.
220 1433 252 1459 1.
274 1435 313 1473 p.
336 1422 438 1468 166„
461 1435 543 1459 non
574 1421 706 1474 magis
737 1422 869 1474 probo
891 1435 1014 1474 quam
1043 1423 1225 1461 ἀκουσίου
1255 1421 1276 1471 ἦ
1310 1424 1499 1470 ἑκουσίου,
1523 1424 1633 1476 quod

125 1475 309 1515 Meierus
336 1476 387 1516 de
418 1477 514 1517 bon.
542 1477 726 1517 damnat.
759 1493 797 1531 p.
824 1490 888 1517 22.
926 1477 1176 1517 SCHAEF.
1238 1478 1475 1519 condonari
1507 1479 1635 1519 homi-

123 1531 225 1571 cidis
258 1532 412 1572 crimen
444 1547 660 1586 poenaque
690 1533 823 1572 omnis
858 1533 1015 1573 remitti
1050 1538 1220 1587 poterat
1250 1534 1428 1587 primum
1459 1536 1511 1575 ab
1544 1536 1633 1589 ipso

122 1588 354 1636 interfecto,
379 1603 500 1642 quom
532 1589 564 1628 si
596 1588 843 1629 morientem
874 1589 1130 1630 interfectori
1162 1590 1365 1644 ignovisse
1392 1593 1632 1640 constabat,

122 1644 231 1683 hunc
262 1644 505 1698 propinquis
535 1645 724 1699 persequi
752 1646 863 1685 haud
894 1646 1022 1686 licuit.
1088 1646 1352 1700 Expiandam
1380 1652 1520 1687 tamen
1546 1663 1634 1688 cae-

123 1700 217 1740 dem
247 1701 508 1741 caerimoniis
535 1701 783 1754 quibusdam
818 1707 859 1742 et
895 1702 1044 1742 ritibus
1076 1702 1201 1742 fuisse
1236 1717 1320 1742 non
1350 1703 1521 1743 dubium
1557 1710 1634 1744 est.

124 1756 286 1796 Deinde
315 1757 572 1812 propinquis,
604 1758 810 1811 siquidem
845 1758 909 1797 his
942 1758 1007 1798 illc
1039 1758 1108 1811 qui
1142 1759 1385 1799 interfectus
1416 1765 1519 1807 erat,
1551 1775 1634 1800 11011

122 1813 394 1853 mandaverat
415 1814 569 1854 diserte
590 1819 638 1854 ut
663 1829 707 1854 se
729 1814 1036 1854 ulciscerentur.
1099 1814 1207 1854 Nam
1228 1816 1430 1868 ejusmodi
1460 1817 1632 1857 manda—

122 1872 213 1908 tum
234 1869 440 1923 negligere
462 1884 646 1910 summae
672 1870 785 1909 haud
808 1870 932 1909 dubie
960 1870 1187 1924 impietatis
1208 1871 1445 1911 habebatur
1466 1886 1540 1911 nec
1561 1887 1635 1926 per

121 1924 184 1964 fas
204 1930 279 1965 aut
298 1926 408 1979 leges
430 1926 599 1966 licitum.
658 1926 739 1965 Sed
761 1926 887 1966 etiam
909 1941 990 1965 11011
1012 1927 1255 1967 mandatam
1277 1928 1475 1967 ultionem
1497 1929 1634 1968 omitti

121 1995 147 2020 a
167 1981 410 2034 propinquis
430 1986 520 2021 tum
537 1982 702 2021 demum
724 1981 811 2021 sine
832 1981 995 2035 piaculo
1017 1983 1203 2035 potuisse
1224 1983 1409 2023 arbitror
1431 1984 1464 2022 si
1487 1985 1633 2024 caedes

122 2050 205 2075 11011
231 2037 465 2077 voluntaria
495 2049 618 2077 esset.
683 2038 802 2088 Quod
834 2043 976 2077 autem
1006 2039 1190 2078 Meierus
1222 2039 1272 2078 de
1304 2040 1398 2079 bon.
1422 2040 1559 2080 damn.
1592 2056 1631 2094 p.

125 2104 190 2132 22.
214 2092 334 2132 Proc.
358 2094 452 2133 Att.
478 2108 516 2147 p.
539 2094 636 2147 308.
660 2094 710 2132 de
731 2094 872 2147 gentil.
897 2094 993 2134 Att.
1015 2109 1055 2147 p.
1078 2109 1138 2149 19.
1162 2100 1248 2135 not.
1272 2106 1362 2149 153.
1385 2096 1512 2136 etiam
1544 2111 1632 2137 cae—

123 2147 216 2187 dem
237 2149 425 2189 consulto
447 2149 707 2189 commissam
732 2149 891 2190 remitti
912 2164 937 2190 a
957 2151 1200 2204 propinquis
1221 2166 1296 2204 per
1315 2152 1428 2203 leges
1448 2153 1633 2205 potuisse

123 2204 352 2253 contendit,
384 2205 542 2245 fallitur
577 2205 689 2245 haud
720 2205 856 2245 dubie.
919 2206 1106 2246 Primum
1128 2207 1235 2246 enim
1263 2222 1327 2260 ap.
1352 2208 1570 2249 Demosth.
1592 2225 1631 2263 p.

123 2261 220 2313 983,
241 2262 304 2299 18.
332 2274 428 2314 991,
455 2274 490 2301 2.
522 2261 682 2300 codices
715 2266 882 2314 praeter
914 2276 1041 2302 unum
1072 2277 1214 2303 omncs
1246 2265 1428 2304 ἀκουσίου
1460 2265 1631 2314 habent,

122 2329 204 2355 non
234 2318 435 2362 ἑκουσίου;
469 2317 651 2370 illudque
680 2332 821 2357 verum
849 2332 938 2357 esse
971 2324 1085 2358 recte
1116 2320 1169 2358 ab
1201 2319 1531 2361 Hudtwalckero
1566 2322 1632 2362 de-

121 2376 399 2412 monstratum
422 2379 486 2412 est
506 2373 557 2412 de
579 2373 705 2413 diaet.
730 2389 769 2426 p.
794 2375 883 2413 166.
906 2380 993 2414 not.
1021 2388 1030 2413 1
1049 2388 1078 2414 1.
1103 2375 1221 2427 cujus
1242 2375 1569 2428 disputationem
1599 2379 1633 2418 si

124 2427 372 2467 Schaeferus
403 2428 583 2481 legisset,
616 2443 712 2477 11011,
745 2429 903 2482 opinor,
936 2430 1108 2470 alterius
1136 2431 1324 2470 lectionis
1353 2432 1633 2484 patrocinium

122 2483 383 2536 suscepisset.
446 2484 590 2537 Neque
620 2499 718 2524 vero
748 2485 801 2525 ad
833 2500 881 2524 ea
909 2500 1015 2538 quae
1041 2501 1080 2539 p.
1108 2488 1201 2540 983,
1228 2499 1406 2539 23-27.
1438 2488 1634 2542 leguntur

124 2539 307 2578 Meierus
329 2553 552 2592 provocare
573 2541 764 2588 debebat,
784 2540 934 2594 quippe
952 2556 1058 2594 quae
1079 2542 1302 2582 manifesto
1325 2543 1375 2582 de
1397 2557 1444 2583 eo
1466 2550 1632 2585 tantum

121 2599 263 2648 agant,
288 2595 354 2635 cui
381 2596 529 2635 caedes
557 2597 609 2635 ab
632 2596 722 2649 ipso
747 2597 968 2637 interfecto
999 2597 1171 2637 remissa
1199 2598 1267 2637 sit.
1331 2599 1470 2639 Multo
1498 2601 1633 2640 minus

122 2650 355 2703 exemplum
389 2650 489 2690 illud
522 2652 631 2704 quod
668 2657 963 2692 commemorat
992 2667 1051 2692 or.
1078 2653 1118 2692 in
1146 2653 1319 2693 Theocr.
1352 2669 1392 2707 p.
1418 2668 1535 2708 1330,
1566 2658 1630 2696 28.

122 2706 350 2759 quidquam
389 2707 553 2759 probat,
589 2722 713 2760 quum
753 2722 835 2747 non
871 2713 1035 2748 constet
1070 2714 1211 2748 utrum
1250 2709 1527 2751 involuntaria
1564 2713 1631 2752 illa

121 2762 267 2801 caedes
297 2776 351 2801 an
372 2762 607 2802 voluntaria
636 2763 783 2803 fuerit:
819 2770 859 2803 et
887 2769 933 2804 ut
955 2764 1080 2804 fuerit
1102 2765 1352 2813 voluntaria,
1375 2780 1424 2804 ex
1450 2780 1498 2805 co
1521 2769 1632 2819 quod

120 2818 174 2857 ab
195 2817 360 2857 homine
381 2817 542 2870 impuro
568 2823 740 2872 propter
763 2819 865 2858 lucri
889 2820 1160 2872 cupiditatem
1183 2821 1338 2860 factum
1362 2826 1438 2866 est,
1463 2822 1514 2861 de
1535 2823 1631 2876 legi-

120 2874 197 2913 bus
217 2878 260 2913 et
285 2873 379 2926 jure
403 2873 642 2926 conjectura
670 2875 759 2914 fieri
791 2889 873 2914 11011
899 2876 1036 2915 debet.
1098 2876 1286 2929 Denique
1315 2876 1366 2915 de
1392 2877 1487 2928 jure
1515 2879 1632 2919 testi-

119 2928 302 2969 monium
335 2928 437 2969 satis
471 2929 672 2970 disertum
707 2935 849 2970 exstat
880 2945 944 2984 ap.
971 2932 1185 2971 Demosth.
1212 2946 1250 2984 p.
1276 2932 1373 2983 528,
1395 2943 1518 2987 5—9.
1552 2949 1632 2988 quo
