1925 3215
613 115 669 150 IN
702 114 1127 150 DEMOSTHENEM.

120 215 308 249 Parisades.
336 228 367 249 V.
388 216 580 249 Berimles.

119 261 311 302 Parmenio,
326 273 405 295 cum
424 262 591 295 militibus
611 262 653 296 ad
674 262 842 296 Eretriam

162 308 303 345 missus,
331 314 368 341 ut
395 308 560 341 libertatis
588 308 842 352 recuperandae

162 354 308 398 cupidos
350 362 594 398 compesceret,
634 355 693 400 qui
738 356 840 388 etiam

162 401 416 433 tumultuantes
434 401 531 444 ejecit
554 400 627 439 126,
649 412 678 434 2.
710 401 841 434 amicus

162 452 195 479 et
220 446 376 479 minister
403 446 547 490 Philippi
575 448 640 490 362
661 447 723 480 ult.
769 447 841 479 lla—

161 493 234 525 lum
249 492 396 531 obsedit,
412 492 685 526 Atheniensibus
704 492 745 525 de
760 504 841 536 pace

162 549 241 571 cuin
264 538 423 582 Philippo
441 539 625 582 agentibus
644 550 723 581 392,
740 550 793 572 20.

118 584 371 620 Parmeniscus.
392 585 595 627 negotiator,
615 585 729 617 socius
758 585 841 617 Dio-

162 629 338 674 nysodori,
365 630 399 663 111
426 642 513 674 quos
536 631 607 671 agit
641 631 841 674 Pamphilus

161 687 210 709 or.
231 688 249 709 a
267 688 300 720 p.
318 678 415 709 1282.
434 676 477 709 ad
500 679 598 721 1298.

118 722 298 761 Parmeno,
330 722 518 766 Byzantius
548 723 752 765 negotiator,
782 722 841 755 sed

161 767 308 801 Athenis
332 767 473 812 degens,
494 775 532 801 ut
557 769 665 812 patria
687 769 842 801 exsulare

155 814 278 858 jussus
296 816 374 858 894,
395 825 412 847 2

116 860 252 897 Paseas,
279 860 435 893 Aristoni
465 859 631 894 adversus
660 860 841 894 Cononem

161 911 307 939 testatus
330 906 428 946 1266,
445 906 499 939 26.

116 952 278 991 Ρ3810108,
314 952 399 985 filias
442 952 610 990 Pasionis,
645 953 840 996 trapezitae,

161 998 360 1042 saepissime
373 1004 665 1032 commemoratur
678 999 720 1031 ab
734 999 841 1042 Apol-

160 1044 293 1084 lodoro,
312 1044 428 1085 fratre,
443 1045 477 1078 in
493 1056 572 1078 eum
588 1044 750 1077 acerrime
769 1056 841 1077 sae-

160 1090 272 1124 viente
288 1096 327 1123 ut
346 1091 502 1135 spurium
527 1102 567 1123 ex
594 1090 763 1124 adulterio
781 1102 841 1124 na-

159 1143 248 1175 tum,
279 1137 432 1170 oratione
458 1137 596 1181 gemina
630 1137 664 1170 in
696 1136 841 1180 Stepha-

161 1194 258 1222 num,
278 1188 310 1216 et
328 1194 449 1216 rursus
475 1183 517 1216 ab
544 1182 712 1216 advocato
732 1182 840 1216 Phor-

161 1229 287 1262 mionis
310 1229 346 1262 111
363 1229 516 1262 oratione
539 1240 601 1273 pro
621 1229 841 1268 Phormione,

160 1286 265 1320 quem
316 1275 561 1308 Phormionem
605 1275 841 1319 Apollodorus

160 1320 271 1354 aiebat
300 1333 422 1354 verum
454 1321 594 1355 Pasiclis
630 1327 760 1365 patrem
788 1322 841 1354 fu-

158 1367 236 1400 isse.

116 1413 228 1452 Pasio,
257 1413 361 1447 modo
389 1413 512 1453 dictus,
543 1425 560 1446 e
590 1425 689 1447 servo
719 1425 841 1446 manu-

159 1462 288 1492 missus
308 1465 339 1493 et
358 1459 583 1503 postmodum
601 1471 620 1492 a
642 1459 679 1493 P.
699 1459 742 1492 A.
762 1460 842 1492 civi-

158 1511 227 1538 tate
254 1505 415 1544 donatus,
443 1506 616 1549 trapezita,
644 1506 842 1550 saepissime

159 1557 192 1584 et
204 1551 400 1596 quibusque
415 1563 521 1595 paene
533 1551 669 1595 paginis
682 1552 840 1584 nomina-

159 1603 216 1630 tur
242 1598 276 1630 in
300 1598 514 1631 orationibus
541 1609 603 1641 pro
632 1597 841 1631 Phormione

159 1650 192 1676 et
209 1645 243 1677 in
261 1643 423 1684 eundem,
442 1645 523 1677 item
551 1644 584 1677 in
603 1643 839 1683 Timotheum,

161 1689 392 1734 Stephanum,
436 1690 643 1733 Callippum,
687 1690 840 1735 aliosque

159 1735 258 1769 dictis
296 1735 339 1769 ab
373 1736 600 1788 Apollodoro,
644 1736 779 1780 seriptis
821 1747 840 1768 a

159 1781 408 1815 Demosthene
443 1783 528 1826 leip.
558 1782 650 1815 mille
683 1788 781 1815 scuta
807 1788 839 1815 et

159 1828 312 1873 quinque
330 1828 485 1861 triremes
504 1828 616 1861 donax
621 1829 645 1861 it
670 1837 765 1871 1127,
786 1839 837 1861 12.

157 1885 243 1907 1’1118
273 1874 419 1907 excessit
442 1874 619 1907 Archonte
648 1874 705 1918 Dy
708 1874 838 1907 snieeto

162 1929 262 1963 1132,
282 1931 336 1971 25.
371 1921 503 1953 clarum
530 1920 595 1953 fuit
618 1931 746 1952 nomen
764 1920 838 1963 ejus

158 1977 218 2008 per
244 1977 328 1999 11011
331 1977 441 1999 ersam
468 1966 659 2005 Graeciam,
687 1971 838 2008 spectata

158 2011 244 2044 fides
290 2017 553 2056 contractaeque
596 2023 676 2044 cum
718 2012 837 2044 multis

158 2057 324 2090 amicitiae
343 2068 440 2099 1224,
461 2068 492 2090 2.

113 2103 275 2146 Pasipho‚
289 2103 444 2139 medicus
463 2104 542 2148 873,
563 2115 616 2137 21.

115 2149 281 2182 Pataecus
303 2150 401 2192 1478,
420 2150 472 2182 18.

115 2195 299 2234 Patrocles,
337 2195 528 2240 Phlyensis,
564 2195 840 2228 Demosthenem

158 2241 244 2274 latae
270 2241 355 2285 legis
383 2241 425 2274 de
455 2241 625 2275 classibus
649 2253 710 2274 seu
737 2242 839 2274 colle-

158 2287 224 2331 giis
238 2287 517 2320 trierarchalibus
532 2299 612 2321 cum
631 2293 838 2326 accusasset,

159 2343 283 2366 caussa
300 2333 422 2366 cecidit
439 2340 471 2367 et
489 2334 657 2367 multatus
683 2340 733 2366 est
761 2333 838 2373 261,

164 2378 216 2411 18.

114 2423 314 2463 Pausaniae,
335 2425 495 2468 Spartani
521 2425 623 2469 regis,
644 2426 838 2463 insolentia,

159 2481 228 2513 qua
249 2470 429 2503 victoriam
457 2470 498 2503 de
525 2471 638 2504 Persis
662 2472 840 2505 communi

161 2515 374 2549 Graecorum
400 2528 503 2559 opera
525 2524 658 2559 partam
685 2517 750 2550 sibi
776 2518 840 2550 soli

160 2568 359 2604 arrogatum
384 2561 454 2594 ibat
477 2562 512 2594 111
537 2562 759 2606 inscriptione
778 2562 840 2596 do-

161 2607 246 2639 narii
265 2607 460 2640 communis
483 2608 581 2651 1378,
600 2619 628 2640 1.

116 2652 316 2691 Pausanias,
344 2655 361 2685 ὁ
386 2655 520 2696 πόρνος,
547 2659 723 2697 stuprator
748 2653 839 2687 The-

161 2699 310 2731 ramenis
332 2698 470 2742 1439,4
449 2711 482 2739 4.

114 2743 187 2777 Pax
211 2744 253 2776 ab
276 2743 547 2777 Atheniensibus
574 2756 653 2777 cum
680 2744 841 2789 Philippo

161 2789 256 2829 inita,
267 2797 407 2822 auctote
420 2789 623 2829 Philocrate
635 2791 717 2823 item
731 2791 840 2835 Phry-

161 2835 330 2877 11000,(1·.
356 2835 403 2868 1111
429 2836 570 2879 scripta)
596 2836 630 2868 in
657 2835 745 2869 hanc
771 2836 840 2869 for-

161 2881 304 2919 mulam,
330 2887 380 2919 ut,
410 2893 497 2925 quae
517 2882 590 2925 jam
617 2882 652 2914 in
672 2887 840 2932 potestate

162 2926 303 2960 haberet
348 2927 538 2970 Philippus,
581 2939 619 2960 ea
659 2927 840 2960 retineret:

1527 117 1624 153 141411

945 217 1037 261 quod
1068 218 1125 250 illo
1153 217 1194 250 de
1222 217 1423 261 Amphipoli
1458 218 1624 261 interpre-

944 269 1048 300 tante,
1078 263 1351 296 Atheniensibus
1387 270 1506 296 contra
1535 264 1625 297 exci-

946 309 1133 352 pientibus,
1164 321 1238 342 eam
1268 310 1350 342 011111
1379 321 1477 342 suam
1506 309 1624 349 fuisse,

946 367 1015 387 0011
1049 355 1134 398 eiust,
1169 368 1278 400 eoque
1314 355 1378 389 sibi
1413 355 1626 389 reddendam

944 413 1029 439 esse,
1055 401 1261 434 descensum
1289 408 1340 434 est
1370 401 1413 434 ad
1443 402 1625 434 correctio-

944 459 1023 479 nem
1042 447 1220 480 soii¹nul1e.
1268 449 1318 480 Or
1321 448 1471 480 ationem
1491 447 1532 480 de
1554 448 1625 481 lla-

944 493 1088 525 1000080
1113 493 1170 543 qui
1197 493 1345 537 scripsit,
1366 494 1393 526 is
1415 500 1535 527 auctor
1561 494 1626 527 suit

944 544 982 572 ut
1001 539 1118 572 1111110
1113 550 1145 572 10
1167 539 1311 572 1110011101
1330 540 1569 581 00111110101111,
1589 547 1627 573 ut

946 585 1125 628 Philippus
1153 585 1379 636 Amphipolin
1411 585 1568 619 redderet
1595 593 1628 619 et

943 636 982 664 ut
1017 630 1167 664 (1110030,
1197 632 1348 664 civitates
1387 632 1499 665 neutri
1540 633 1627 676 parti

944 676 1100 710 addici-ie
1123 689 1142 710 a
1160 684 1282 710 neutra
1308 677 1396 711 bello
1420 685 1628 711 vexarentur

945 724 987 756 82
1017 735 1068 767 sq.
1119 723 1230 767 capita
1263 723 1367 768 hujus
1403 724 1495 767 pacis
1530 736 1626 768 prae-

945 769 1046 812 cipua
1064 768 1119 812 63,
1144 780 1194 810 15.
1220 780 1294 811 105,
1315 781 1365 813 13-
1385 781 1464 813 395,
1486 780 1539 811 25.
1567 782 1626 814 pa-

945 826 1017 848 cem
1036 815 1126 848 hanc
1145 827 1215 848 non
1234 816 1343 849 suasit
1360 816 1626 855 Demosthenes,

945 861 1005 894 sed
1039 861 1208 904 expressit
1238 861 1452 895 Graecorum
1486 862 1627 905 perfidia

946 907 1175 940 Athenienses
1202 908 1276 951 ipso
1295 907 1329 940 in
1356 909 1541 941 certamine
1568 908 1626 941 de-

945 953 1165 986 stituentium
1192 964 1270 996 231,
1291 964 1344 986 22.
1380 954 1527 997 primam
1553 955 1627 998 ejus

943 999 1156 1032 mentionem
1214 1000 1330 1044 injecit
1382 999 1627 1033 Aristodemus

946 1055 1024 1089 232,
1039 1047 1069 1077 8-
1105 1045 1229 1078 deinde
1248 1045 1290 1078 ad
1308 1057 1383 1078 eam
1402 1045 1559 1079 hortatus
1576 1053 1627 1079 est

947 1091 1170 1131 Philocrates,
1190 1091 1463 1135 suffragantibus
1487 1091 1628 1125 Eubulo

944 1144 977 1170 et
996 1137 1278 1181 Cephisophonte
1290 1137 1376 1171 ibid.
1396 1149 1448 1171 10.
1466 1138 1627 1181 injuriam

945 1183 1009 1216 sibi
1043 1183 1113 1216 fieri
1145 1184 1301 1228 queritur
1334 1191 1449 1217 orator
1481 1184 1524 1217 ab
1559 1185 1626 1218 Ae-

944 1229 1063 1262 schine
1090 1230 1296 1273 principium
1315 1230 1407 1274 pacis
1427 1230 1491 1264 sibi
1512 1231 1626 1275 impu-

944 1281 1038 1308 tante
1073 1286 1151 1319 233,
1183 1287 1233 1317 14.
1277 1282 1396 1309 contra
1426 1277 1628 1310 criminatur

944 1321 1047 1360 idem,
1067 1321 1275 1355 Aeschinem
1294 1334 1374 1355 cum
1398 1323 1585 1367 conjuratis
1609 1334 1628 1356 a

947 1367 1106 1419 Philippo
1124 1374 1327 1419 corruptum
1352 1368 1386 1401 in
1410 1368 1562 1402 secunda
1579 1369 1626 1402 le—

944 1414 1093 1457 gatione,
1112 1414 1218 1447 missa
1235 1413 1277 1447 ad
1296 1414 1512 1448 conditiones
1532 1415 1625 1458 pacis

941 1459 1169 1511 jurejurando
1200 1460 1412 1500 sanciendas,
1447 1461 1565 1494 insciis
1594 1468 1627 1494 et

944 1506 1060 1539 1011118
1078 1506 1365 1545 Atheniensibus,
1384 1512 1504 1540 contra
1523 1513 1626 1552 atque

945 1552 1164 1586 convenisset
1190 1558 1222 1585 et
1248 1559 1368 1586 contra
1393 1552 1556 1586 mandata
1577 1554 1624 1586 le-

943 1598 1032 1640 gatis
1052 1598 1350 1642 proficiscentibus
1369 1599 1526 1643 injuncta
1544 1599 1625 1632 Phi-

942 1644 1037 1688 lippo
1065 1645 1248 1688 permulta,
1276 1656 1363 1689 quae
1389 1645 1498 1689 ipsius
1532 1657 1549 1678 e
1577 1657 1624 1683 re,

943 1690 977 1723 in
1004 1690 1162 1723 fraudem
1182 1691 1310 1724 Athen.
1337 1697 1462 1731 essent,
1482 1703 1624 1724 conces—

943 1736 1027 1769 sisse
1045 1736 1124 1780 346,
1148 1747 1200 1769 12.
1227 1743 1259 1770 et
1277 1748 1364 1780 pene
1381 1743 1453 1771 tota
1470 1738 1624 1770 oratione

942 1781 984 1815 de
1002 1782 1087 1815 falsa
1104 1783 1285 1823 legatione.

897 1828 993 1861 Pacis
1020 1840 1099 1861 cum
1128 1828 1289 1872 Philippo
1315 1834 1520 1871 postremae,
1546 1835 1626 1873 post

942 1885 1097 1918 pugnam
1131 1874 1269 1907 fatalem
1307 1873 1351 1906 ad
1386 1873 1623 1908 Chaeroneam

941 1919 1131 1959 condictae,
1167 1920 1296 1953 mentio
1330 1919 1367 1952 fit
1401 1919 1512 1953 obiter
1544 1921 1624 1962 804,

946 1977 996 2007 14.

898 2012 968 2045 Pax
1002 2023 1081 2045 cum
1119 2011 1318 2045 ,Alexandro
1353 2011 1404 2045 M.
1448 2018 1625 2046 contracta

942 2058 1066 2101 primo,
1085 2069 1154 2102 quo
1172 2058 1200 2091 is
1223 2069 1367 2102 regnare
1392 2058 1514 2101 coepit,
1533 2070 1625 2091 anno

943 2103 1022 2147 316,
1041 2115 1062 2147 3
1081 2116 1132 2148 sq.
1152 2110 1185 2136 et
1202 2110 1275 2137 tota
1293 2104 1350 2136 illa
1367 2104 1532 2137 oratione.

897 2149 1053 2189 Pedium,
1084 2155 1215 2183 tractus
1242 2149 1384 2194 quidam
1418 2150 1492 2194 agri
1519 2150 1624 2184 Attici

946 2207 958 2228 1
970 2196 1045 2240 187,
1063 2206 1117 2229 20.

897 2241 1000 2281 Pella,
1027 2241 1194 2286 oppidum
1219 2241 1456 2281 Macedoniae,
1482 2242 1542 2276 ubi
1562 2255 1622 2276 na-

942 2294 998 2321 tus
1026 2288 1091 2321 fuit
1119 2288 1312 2332 Philippus,
1335 2287 1378 2321 ab
1402 2288 1623 2322 Atheniensi-

942 2333 1008 2367 bus
1026 2333 1216 2367 admodum
1235 2340 1475 2377 contemptum
1493 2340 1525 2367 et
1543 2346 1622 2368 san-

942 2380 995 2413 nis
1013 2380 1211 2413 traduetum
1234 2380 1287 2424 78,
1305 2391 1357 2423 13.
1378 2391 1456 2423 247,
1473 2380 1525 2414 16.

898 2426 1043 2464 Pellene,
1055 2425 1224 2470 oppidum
1237 2426 1397 2465 Achaiae,
1416 2426 1459 2459 ab
1473 2426 1623 2459 Alexan-

942 2471 1005 2505 dro
1024 2472 1075 2504 M.
1094 2472 1251 2505 libertate
1268 2472 1423 2514 privatur
1441 2483 1519 2512 214,
1538 2482 1590 2514 17.

897 2517 1089 2561 Pelopidas,
1109 2517 1180 2550 dux
1194 2517 1395 2555 Thebanus,
1414 2517 1456 2550 ab
1472 2518 1622 2550 Alexan-

942 2563 1004 2596 dro
1024 2564 1176 2596 Pheraeo
1194 2568 1315 2606 captus
1334 2561 1412 2601 660,
1427 2573 1459 2603 5.

896 2609 1168 2652 Peloponnesus.
1207 2607 1459 2651 expeditionem
1488 2609 1569 2641 illuc
1604 2620 1623 2641 a

943 2654 1101 2697 Philippo
1119 2660 1284 2686 tentatam
1303 2654 1558 2696 intercepemnt
1575 2655 1621 2686 le-

941 2700 1097 2743 gationes
1130 2698 1376 2732 Demosthenis
1406 2700 1622 2744 aliorumque

942 2745 1089 2777 ,Athenis
1104 2744 1147 2777 ad
1173 2744 1326 2777 cixitates
1352 2744 1620 2788 Peloponnesia-

943 2790 1370 2833 casiniss01u1n129,16.
1392 2801 1516 2831 232,1.
1557 2791 1620 2824 Pe-

942 2836 1123 2879 loponnesi
1138 2836 1297 2868 fortunae
1311 2842 1389 2879 post
1405 2836 1621 2870 Leuctricam

942 2893 1099 2925 pugnam
1118 2892 1196 2920 201,
1215 2894 1246 2922 4.

898 2927 1090 2971 Peparethii
1115 2939 1198 2971 paee
1215 2933 1352 2960 tenente
1377 2927 1621 2962 Halonnesum
