1925 3215
619 144 676 183 ΙΝ
711 143 1122 184 'l'l-llcoelleEM.
1515 145 1565 182 19
1554 147 1625 183 ›55

104 249 304 302 jestatem
336 249 474 303 populi
502 250 759 290 ‹lmninutum
789 250 909 297 irent,
933 254 1143 289 averteret
1171 263 1197 288 a
1224 263 1267 288 se
1299 248 1520 288 discrimen
1548 249 1625 288 hoc

111 308 176 355 τῆς
201 307 410 356 ἐνδείξεως.
449 306 637 346 HICISK.

173 375 290 414 1334,
314 376 352 416 3-
379 366 602 413 ΓνΛινΑιᾳ]
632 363 769 413 Vulgo
796 366 1062 402 ψιΜηΣΜΑ.
1101 365 1305 400 rammi.
1349 362 1517 401 correxi
1550 367 1625 412 ψη-

110 421 287 468 φίσματα
315 433 406 457 meo
430 419 600 471 judicio.
665 414 768 459 Sunt
799 419 904 457 enim
936 419 1017 457 ‹luo
1046 417 1345 471 psephismata,
1369 418 1624 471 'l'lnu-ydhlis

109 488 249 522 unuin,
279 475 456 514 alterum
488 475 792 515 Demosthenis.
847 475 900 514 V.
925 489 963 527 p.
993 487 1107 527 1333,
1135 486 1199 513 21.
1223 479 1263 513 et
1287 488 1322 512 v.
1347 488 1385 523 4.
1441 474 1495 513 Et
1526 474 1624 514 toti-

109 530 203 569 dem
236 546 398 584 quoque
426 531 667 571 'Pheocrinis
696 536 815 571 eraut
845 531 1006 581 γραφαὶ,
1034 545 1116 569 una
1146 535 1295 569 contra
1327 530 1622 583 'l'liucydidenn

108 587 244 627 altera
265 593 412 627 contra
437 588 771 628 Demosthenem.
806 588 1008 626 RlclsK.
1059 586 1205 626 Malim
1228 586 1332 626 hane
1356 601 1494 625 vocem
1518 586 1624 626 ‹lele-

110 647 211 683 tam.
273 643 419 684 Scriba
441 644 547 683 enim
572 659 652 683 non
676 644 766 695 ipsa
790 643 1075 697 psephismata
1097 642 1272 682 recitare
1290 644 1429 695 jussus
1451 649 1527 690 ost.
1551 643 1621 682 sed

108 702 178 741 τὰς
209 703 363 751 γραφὰς
394 705 469 739 τῶν
502 700 781 752 ψηᾴησμάτων.
846 701 914 738 Ita
947 699 1151 738 neminem
1180 698 1285 738 male
1314 699 1485 739 habebit
1514 699 1623 752 quod

109 755 320 809 sequitur:
355 758 514 796 Τούτων
536 761 612 796 τῶν
632 755 971 808 ψηφισμάτων-.
1008 756 1122 795 SCH
1134 756 1267 795 ΑΕΓ.

173 825 289 865 1334,
313 826 351 862 4.
387 813 547 852 Τούτων
580 817 655 852 τῶν
689 811 973 863 ψηφισμάτων]
1011 811 1074 850 De
1107 811 1251 850 Aoniis
1281 811 1465 850 levandis
1497 811 1623 851 nimio

108 882 233 908 onere
264 871 329 918 τῆς
365 868 595 917 συντάξεως.
658 868 711 907 V.
745 867 978 907 Boeckhius
1013 867 1064 906 de
1098 868 1249 907 Oecon.
1290 867 1443 906 Athon.
1483 867 1559 907 vol.
1589 881 1622 907 Ι.

109 938 147 977 p.
170 936 267 977 451.
305 925 565 965 SCIIAEF.

171 994 292 1033 1334,
320 992 383 1035 15.
421 979 720 1034 συγχωροῦντα]
766 980 831 1019 Ex
873 980 950 1019 hoc
988 980 1113 1019 verbo
1153 978 1321 1033 colligas
1357 979 1564 1019 tributum
1599 994 1625 1019 a

108 1036 290 1077 Charete
322 1037 574 1089 imperatum
606 1036 824 1077 tolerabile
854 1036 1006 1076 fuisse:
1037 1041 1085 1076 ut
1118 1035 1240 1075 Aenii
1273 1050 1354 1074 non
1388 1040 1624 1089 propterca,

107 1093 182 1133 sed
204 1093 315 1147 quod
343 1094 434 1145 plus
461 1097 713 1147 posceretur,
737 1092 956 1133 descivisse
980 1092 1212 1132 videantur.
1276 1091 1413 1132 Aliter
1436 1092 1624 1132 Boeekh-

110 1148 220 1189 iusl.
243 1164 276 1189 c.
311 1151 514 1190 SCHAE
523 1151 571 1189 F.

170 1219 292 1261 1334,
318 1216 379 1259 17.
402 1205 735 1259 παραδεξάμενον]
760 1205 810 1245 ld
837 1210 901 1245 est
922 1207 1207 1258 ὑποσχόμενον,
1231 1209 1279 1244 ut
1302 1203 1499 1244 Latinum
1520 1219 1622 1245 oece-

100 1261 220 1316 pisse,
243 1263 282 1302 h.
305 1277 337 1302 0
362 1262 643 1316 spopondisse.
697 1262 848 1302 Rarior
868 1262 970 1302 hacc
993 1261 1105 1301 161ὺί
1127 1260 1385 1314 significatio,
1422 1262 1625 1301 ΒΕΙΞΚ.

170 1328 290 1372 1335,
317 1330 350 1372 7.
375 1317 667 1371 ἐνδεκάζοντας]
692 1318 874 1358 Videtm
896 1318 1111 1365 ἐνδεκάζειν
1138 1317 1247 1357 idom
1273 1331 1361 1356 esso
1383 1321 1510 1370 atque
1532 1335 1623 1357 συν-

110 1374 296 1423 δεκάζειν.
359 1376 475 1415 Istae
502 1375 608 1415 (luae
636 1375 980 1428 praepositiones,
1004 1376 1046 1414 ἐν
1067 1378 1110 1414 et
1140 1375 1224 1419 σὺν,
1248 1388 1370 1426 saepe
1393 1373 1433 1412 in
1461 1388 1626 1427 compo-

109 1430 201 1471 sitis
223 1431 358 1471 verbis
380 1431 490 1471 inter
510 1446 553 1471 se
574 1431 800 1471 alternant.
860 1431 956 1470 Erit
978 1445 1078 1483 ergo
1099 1429 1346 1483 significatio
1369 1429 1492 1482 hujus
1512 1430 1626 1470 verbi

109 1501 192 1527 una
221 1501 307 1527 οιιηι
334 1488 415 1527 alio
444 1488 606 1527 eandem
636 1488 850 1535 decuriam,
874 1487 912 1526 h.
936 1501 970 1527 e.
995 1487 1222 1533 societatem,
1249 1485 1493 1533 sodalitium,
1520 1486 1626 1525 colle-

106 1543 230 1597 fiam«,
249 1544 520 1598 frequentare.
585 1544 634 1583 In
662 1543 896 1584 istiusmodi
917 1543 1052 1583 verbis
1073 1547 1117 1582 et
1145 1541 1271 1582 dietis
1299 1542 1626 1595 proverbialibus

110 1613 193 1639 non
215 1600 319 1640 solet
340 1600 534 1653 analogia
561 1600 835 1654 grammatica
863 1599 1124 1639 strictissime
1152 1598 1377 1647 observari,
1399 1599 1627 1638 seeundum

109 1671 235 1710 quam
256 1656 399 1710 utique
422 1659 704 1704 συνδεκατίζειν
725 1657 868 1696 melius
889 1655 1172 1695 conveniebat.
1204 1655 1407 1694 REISK.
1469 1655 1523 1694 V.
1546 1655 1620 1695 Ζο-

110 1727 234 1753 naras
266 1728 304 1767 p.
338 1724 430 1766 742.
468 1715 809 1760 συνδεκατίζοντας
843 1713 993 1766 probat
1032 1711 1307 1751 Sehneiderus
1344 1711 1446 1750 Lex.
1482 1712 1554 1751 Gr.
1587 1726 1622 1751 v.

109 1768 339 1818 Ἐνδεκάζω,
363 1784 600 1823 quanquam
621 1769 740 1809 malit
762 1769 1125 1810 συνδεκατεύοντας.
1174 1767 1281 1806 Mihi
1305 1781 1468 1820 quoquc
1489 1767 1628 1819 placet

110 1826 465 1874 συνδεκατίζοντας.
527 1827 643 1866 Uonf.
682 1825 842 1864 Aneed.
881 1824 1013 1863 Bekk.
1053 1838 1093 1876 p.
1130 1836 1222 1876 237,
1258 1825 1323 1862 26.
1364 1824 1624 1863 SCHAEF.

111 1880 437 1935 Harpocration,
473 1881 757 1930 ἐνδεκάζοντας·
791 1881 877 1919 ἀντὶ
911 1883 979 1919 τοῦ
1012 1881 1319 1930 ἐνεορτάζοντας,
1359 1880 1402 1918 ἐν
1436 1881 1486 1932 τῷ
1524 1880 1624 1932 αὐτῷ

110 1937 180 1987 τὴν
215 1937 376 1987 δεκάτην
411 1939 590 1989 ἄγοντας.
647 1936 899 1986 Δημοσθένης
936 1937 978 1975 ἐν
1014 1937 1064 1989 τῷ
1107 1937 1203 1974 κατὰ
1240 1935 1467 1985 Θεοκρίνου.
1530 1935 1625 1974 Hoc

111 1993 260 2047 recepi.

172 2059 292 2103 1335,
318 2062 383 2089 11.
405 2050 574 2100 ταύταις]
601 2048 767 2088 Scilicet
787 2052 867 2090 ταῖς
888 2047 1128 2099 προφάσεσι.
1163 2047 1367 2086 REISK.

172 2118 295 2159 1335,
322 2115 385 2157 17.
418 2109 494 2145 τῶν
529 2106 631 2147 ὅπως
667 2106 777 2157 ἔτυχε
813 2104 1028 2157 λεγόντων]
1065 2103 1181 2143 Idem
1212 2111 1276 2142 est
1307 2117 1356 2142 ac
1387 2103 1421 2142 si
1451 2102 1626 2143 dixisset

110 2160 133 2211 ἢ
155 2162 249 2201 ὅταν
270 2178 329 2202 τιι
333 2178 372 2203 ες
391 2161 561 2213 λέγωσιν
583 2162 685 2203 ὅπως
706 2161 832 2213 ἔτυχε.
865 2161 1069 2200 REISK.
1119 2159 1488 2199 Accommodatius
1509 2167 1626 2199 ante-

110 2217 353 2257 cedentibus
383 2217 611 2272 genitivum
639 2217 747 2256 hunc
773 2216 832 2256 sic
859 2216 1067 2256 resolvas
1100 2214 1123 2265 ὴ
1150 2215 1198 2255 ἂν
1224 2217 1261 2255 οἱ
1286 2217 1334 2254 ὅτ·
1324 2233 1389 2257 ως
1418 2216 1531 2268 ἔτυχε
1560 2215 1624 2256 λέ-

111 2291 248 2325 γοντες
269 2274 560 2326 παράσχωνται.
598 2273 778 2314 Similem
802 2272 1047 2327 Sophoclis
1037 2287 1078 2312 111
1099 2286 1176 2311 usu
1198 2271 1471 2326 comparativi
1494 2271 1626 2312 brew-

110 2329 366 2383 loquentiam
387 2330 516 2370 habet
537 2330 751 2401 Antigone
772 2344 809 2369 v.
836 2340 900 2381 74.
935 2329 1196 2369 SCHAEF.

171 2399 291 2439 1335,
318 2387 381 2425 18.
405 2387 511 2426 ἀλλὰ
531 2386 617 2427 τοὺς
638 2386 792 2439 αὐτοὺς]
820 2385 869 2425 Id
890 2390 979 2426 est:
1012 2386 1118 2424 ἀλλὰ
1139 2387 1200 2424 δεῖ
1218 2385 1385 2433 νομίζειν
1404 2385 1512 2434 ὑμᾶς,
1536 2383 1623 2425 τοὺς

113 2458 252 2491 υΟμΟυς
273 2441 370 2481 (ivah
397 2442 483 2483 Τοὺς
512 2443 657 2489 (1137on
680 2442 747 2482 ἐάζ)
771 2442 814 2481 Τέ
841 2458 896 2483 Τίς
924 2458 1060 2482 αυΤΟυς
1085 2442 1176 2490 ὑμῖν
1203 2439 1454 2492 παράσχηται
1482 2457 1523 2479 ΕῙ)
1544 2456 1625 2481 ΤΟις

112 2498 279 2547 ὀνόμασι
300 2497 535 2547 συμπλέξας,
559 2497 628 2537 εάν
648 2514 690 2537 τε
711 2497 811 2552 λέγῃ
833 2498 934 2539 ὅπως
955 2498 1080 2549 ἔτυχε.
1113 2496 1318 2536 REISK.

173 2562 292 2607 1335,
318 2564 382 2593 20.
411 2552 530 2605 νέοις]
560 2553 628 2594 Sic
657 2553 712 2592 A.
736 2568 769 2593 r.
790 2553 952 2607 :vulgo
979 2557 1060 2594 τοῖς
1087 2552 1201 2594 νέοις.
1261 2550 1477 2591 Articulus
1507 2554 1622 2590 recte

111 2610 245 2650 abest.
305 2613 332 2631 “
351 2608 459 2649 Sunt
484 2608 594 2648 enim
620 2608 743 2649 iidem
769 2608 839 2662 qui
867 2610 1017 2660 ἄπειροι
1037 2611 1081 2648 et
1109 2607 1179 2661 qui
1202 2606 1282 2647 νεοι
1304 2606 1523 2646 dicuntm:
1557 2605 1623 2645 bis

111 2669 255 2705 autem
286 2664 423 2718 posito
453 2665 630 2705 alticulo
661 2665 742 2705 duo
771 2679 925 2720 genera
955 2664 1168 2704 hominum
1199 2661 1406 2716 designari
1437 2661 1623 2701 videlen-

112 2725 195 2761 tur.
199 2723 224 2739 ’'
264 2725 310 2760 ut
336 2720 562 2775 Spaldingii
583 2722 709 2761 verba
731 2722 786 2762 ad
805 2736 845 2775 p.
868 2733 893 2774 5
897 2723 964 2774 56
991 2722 1052 2760 16.
1075 2719 1170 2759 huic
1191 2718 1281 2758 loco
1302 2717 1623 2758 accommodem.

115 2777 226 2818 SCH
232 2776 359 2816 AEF.

176 2845 222 2886 13
229 2845 251 2886 3
256 2842 297 2886 5,
322 2844 386 2872 21.
413 2832 640 2872 τούναντιον
669 2832 767 2886 ἐστὶ]
793 2832 1047 2873 Oontmrmm
1074 2831 1154 2884 ejus
1182 2844 1317 2869 veiam
1343 2836 1407 2877 est,
1431 2829 1538 2882 quod
1561 2828 1625 2869 hio

114 2887 558 2941 affirmat.Affi1'1nat
597 2892 737 2928 autem
775 2888 1038 2935 Theocrines,
1075 2900 1119 2926 se
1153 2900 1180 2926 a
1214 2885 1406 2926 sodalitio
1442 2885 1623 2938 quodam
