<?xml version="1.0" encoding="UTF-8"?>
<!DOCTYPE html PUBLIC "-//W3C//DTD XHTML 1.0 Transitional//EN"
    "http://www.w3.org/TR/xhtml1/DTD/xhtml1-transitional.dtd">
<html xmlns="http://www.w3.org/1999/xhtml" xml:lang="en" lang="en">
 <head>
  <title>
</title>
<meta http-equiv="Content-Type" content="text/html;charset=utf-8" />
  <meta name='ocr-system' content='tesseract 3.04.00' />
  <meta name='ocr-capabilities' content='ocr_page ocr_carea ocr_par ocr_line ocrx_word'/>
</head>
<body>
  <div class='ocr_page' id='page_1' title='image "./operaexrecension07demouoft_0435.png"; bbox 0 0 1925 3215; ppageno 0'>
   <div class='ocr_carea' id='block_1_1' title="bbox 640 120 1146 156">
    <p class='ocr_par' dir='ltr' id='par_1_1' title="bbox 640 120 1146 156">
     <span class='ocr_line' id='line_1_1' title="bbox 640 120 1146 156; baseline -0.002 0"><span class='ocrx_word' id='word_1_1' title='bbox 640 121 693 156; x_wconf 79' lang='lat' dir='ltr'>IN</span> <span class='ocrx_word' id='word_1_2' title='bbox 728 120 1146 156; x_wconf 56' lang='lat' dir='ltr'>DElN&#39;lOSTIIENEM.</span> 
     </span>
    </p>
   </div>
   <div class='ocr_carea' id='block_1_2' title="bbox 138 221 865 2194">
    <p class='ocr_par' dir='ltr' id='par_1_2' title="bbox 139 221 861 359">
     <span class='ocr_line' id='line_1_2' title="bbox 139 221 861 266; baseline -0.003 -11"><span class='ocrx_word' id='word_1_3' title='bbox 139 221 220 266; x_wconf 89' lang='lat' dir='ltr'>Cyri</span> <span class='ocrx_word' id='word_1_4' title='bbox 237 222 386 266; x_wconf 87' lang='lat' dir='ltr'>junioris</span> <span class='ocrx_word' id='word_1_5' title='bbox 403 221 570 255; x_wconf 83' lang='lat' dir='ltr'>adversus</span> <span class='ocrx_word' id='word_1_6' title='bbox 588 221 740 261; x_wconf 81' lang='lat' dir='ltr'>fratrem,</span> <span class='ocrx_word' id='word_1_7' title='bbox 761 222 861 254; x_wconf 76' lang='lat' dir='ltr'>Arta-</span> 
     </span>
     <span class='ocr_line' id='line_1_3' title="bbox 184 267 861 312; baseline 0 -11"><span class='ocrx_word' id='word_1_8' title='bbox 184 280 335 308; x_wconf 82' lang='lat' dir='ltr'>xerxem,</span> <span class='ocrx_word' id='word_1_9' title='bbox 356 267 528 312; x_wconf 82' lang='lat' dir='ltr'><strong>expeditio</strong></span> <span class='ocrx_word' id='word_1_10' title='bbox 554 274 767 301; x_wconf 87' lang='lat' dir='ltr'>memoratur</span> <span class='ocrx_word' id='word_1_11' title='bbox 786 278 861 312; x_wconf 84' lang='lat'>197.</span> 
     </span>
     <span class='ocr_line' id='line_1_4' title="bbox 185 325 240 359; baseline 0 -12"><span class='ocrx_word' id='word_1_12' title='bbox 185 325 240 359; x_wconf 87' lang='grc'>23.</span> 
     </span>
    </p>

    <p class='ocr_par' dir='ltr' id='par_1_3' title="bbox 138 359 862 541">
     <span class='ocr_line' id='line_1_5' title="bbox 138 359 862 405; baseline -0.001 -12"><span class='ocrx_word' id='word_1_13' title='bbox 138 359 314 405; x_wconf 77' lang='lat' dir='ltr'>Cyrsilum</span> <span class='ocrx_word' id='word_1_14' title='bbox 333 360 573 397; x_wconf 74' lang='lat' dir='ltr'>Athenienses,</span> <span class='ocrx_word' id='word_1_15' title='bbox 596 365 771 393; x_wconf 77' lang='lat' dir='ltr'>auctorem</span> <span class='ocrx_word' id='word_1_16' title='bbox 798 359 862 392; x_wconf 83' lang='lat' dir='ltr'>sibi</span> 
     </span>
     <span class='ocr_line' id='line_1_6' title="bbox 184 405 861 448; baseline -0.001 -9"><span class='ocrx_word' id='word_1_17' title='bbox 184 406 314 440; x_wconf 87' lang='lat' dir='ltr'>sactum</span> <span class='ocrx_word' id='word_1_18' title='bbox 334 413 372 439; x_wconf 91' lang='lat' dir='ltr'>ut</span> <span class='ocrx_word' id='word_1_19' title='bbox 398 406 469 448; x_wconf 71' lang='lat' dir='ltr'>regi</span> <span class='ocrx_word' id='word_1_20' title='bbox 491 406 674 439; x_wconf 80' lang='lat' dir='ltr'>Persarum</span> <span class='ocrx_word' id='word_1_21' title='bbox 699 418 734 438; x_wconf 85' lang='lat' dir='ltr'>se</span> <span class='ocrx_word' id='word_1_22' title='bbox 758 405 861 438; x_wconf 89' lang='lat' dir='ltr'>dede—</span> 
     </span>
     <span class='ocr_line' id='line_1_7' title="bbox 184 451 861 491; baseline -0.001 -6"><span class='ocrx_word' id='word_1_23' title='bbox 184 458 270 491; x_wconf 87' lang='lat' dir='ltr'>rent,</span> <span class='ocrx_word' id='word_1_24' title='bbox 283 453 374 486; x_wconf 77' lang='lat' dir='ltr'>saxis</span> <span class='ocrx_word' id='word_1_25' title='bbox 390 464 459 485; x_wconf 91' lang='lat' dir='ltr'>una</span> <span class='ocrx_word' id='word_1_26' title='bbox 477 464 556 485; x_wconf 87' lang='lat' dir='ltr'>cum</span> <span class='ocrx_word' id='word_1_27' title='bbox 573 463 678 485; x_wconf 84' lang='lat' dir='ltr'>uxore</span> <span class='ocrx_word' id='word_1_28' title='bbox 697 458 728 484; x_wconf 90' lang='lat' dir='ltr'>et</span> <span class='ocrx_word' id='word_1_29' title='bbox 746 451 861 485; x_wconf 83' lang='lat' dir='ltr'>liberis</span> 
     </span>
     <span class='ocr_line' id='line_1_8' title="bbox 183 498 603 541; baseline -0.002 -10"><span class='ocrx_word' id='word_1_30' title='bbox 183 499 471 532; x_wconf 87' lang='lat' dir='ltr'>contumularunt</span> <span class='ocrx_word' id='word_1_31' title='bbox 490 498 568 541; x_wconf 83' lang='lat'>296,</span> <span class='ocrx_word' id='word_1_32' title='bbox 585 510 603 541; x_wconf 83' lang='lat'>9</span> 
     </span>
    </p>

    <p class='ocr_par' dir='ltr' id='par_1_4' title="bbox 138 543 630 632">
     <span class='ocr_line' id='line_1_9' title="bbox 138 543 630 589; baseline 0 -12"><span class='ocrx_word' id='word_1_33' title='bbox 138 543 300 589; x_wconf 82' lang='lat' dir='ltr'>Cythera,</span> <span class='ocrx_word' id='word_1_34' title='bbox 335 556 446 588; x_wconf 79' lang='lat' dir='ltr'>pagus</span> <span class='ocrx_word' id='word_1_35' title='bbox 479 544 630 577; x_wconf 87' lang='lat' dir='ltr'>Atticus.</span> 
     </span>
     <span class='ocr_line' id='line_1_10' title="bbox 187 601 354 632; baseline -0.006 -8"><span class='ocrx_word' id='word_1_36' title='bbox 187 601 286 632; x_wconf 84' lang='lat'>1040,</span> <span class='ocrx_word' id='word_1_37' title='bbox 304 601 354 623; x_wconf 95' lang='lat'>12.</span> 
     </span>
    </p>

    <p class='ocr_par' dir='ltr' id='par_1_5' title="bbox 138 635 862 808">
     <span class='ocr_line' id='line_1_11' title="bbox 138 635 861 681; baseline -0.001 -12"><span class='ocrx_word' id='word_1_38' title='bbox 138 635 189 681; x_wconf 81' lang='lat' dir='ltr'>Cy</span> <span class='ocrx_word' id='word_1_39' title='bbox 193 636 300 669; x_wconf 89' lang='lat' dir='ltr'>thnus</span> <span class='ocrx_word' id='word_1_40' title='bbox 322 643 355 670; x_wconf 89' lang='lat' dir='ltr'>et</span> <span class='ocrx_word' id='word_1_41' title='bbox 374 635 529 680; x_wconf 88' lang='lat' dir='ltr'>Siphnus</span> <span class='ocrx_word' id='word_1_42' title='bbox 549 635 694 669; x_wconf 84' lang='lat' dir='ltr'>Athenis</span> <span class='ocrx_word' id='word_1_43' title='bbox 721 636 755 668; x_wconf 92' lang='lat' dir='ltr'>in</span> <span class='ocrx_word' id='word_1_44' title='bbox 782 647 861 679; x_wconf 82' lang='lat' dir='ltr'>pio-</span> 
     </span>
     <span class='ocr_line' id='line_1_12' title="bbox 183 682 862 733; baseline -0.003 -17"><span class='ocrx_word' id='word_1_45' title='bbox 183 683 301 716; x_wconf 83' lang='lat' dir='ltr'>verbio</span> <span class='ocrx_word' id='word_1_46' title='bbox 334 682 595 726; x_wconf 87' lang='lat' dir='ltr'>usurpabantur</span> <span class='ocrx_word' id='word_1_47' title='bbox 628 693 690 725; x_wconf 90' lang='lat' dir='ltr'>pro</span> <span class='ocrx_word' id='word_1_48' title='bbox 726 682 862 733; x_wconf 81' lang='lat' dir='ltr'>populis</span> 
     </span>
     <span class='ocr_line' id='line_1_13' title="bbox 184 728 861 772; baseline -0.003 -10"><span class='ocrx_word' id='word_1_49' title='bbox 184 729 380 768; x_wconf 89' lang='lat' dir='ltr'>contemtis,</span> <span class='ocrx_word' id='word_1_50' title='bbox 395 728 559 772; x_wconf 88' lang='lat' dir='ltr'>exemplis</span> <span class='ocrx_word' id='word_1_51' title='bbox 574 733 744 761; x_wconf 81' lang='lat' dir='ltr'>extremae</span> <span class='ocrx_word' id='word_1_52' title='bbox 763 728 861 771; x_wconf 77' lang='lat' dir='ltr'>igno-</span> 
     </span>
     <span class='ocr_line' id='line_1_14' title="bbox 182 773 762 817; baseline -0.002 -9"><span class='ocrx_word' id='word_1_53' title='bbox 182 774 269 808; x_wconf 60' lang='lat' dir='ltr'>bilin</span> <span class='ocrx_word' id='word_1_54' title='bbox 270 775 324 808; x_wconf 83' lang='lat' dir='ltr'>itis</span> <span class='ocrx_word' id='word_1_55' title='bbox 342 780 375 808; x_wconf 90' lang='lat' dir='ltr'>et</span> <span class='ocrx_word' id='word_1_56' title='bbox 392 774 601 807; x_wconf 86' lang='lat' dir='ltr'>infirmitatis</span> <span class='ocrx_word' id='word_1_57' title='bbox 619 773 693 817; x_wconf 89' lang='grc'>176</span> <span class='ocrx_word' id='word_1_58' title='bbox 711 784 762 807; x_wconf 89' lang='grc'>10.</span> 
     </span>
    </p>

    <p class='ocr_par' dir='ltr' id='par_1_6' title="bbox 139 819 862 911">
     <span class='ocr_line' id='line_1_15' title="bbox 139 819 862 865; baseline -0.001 -11"><span class='ocrx_word' id='word_1_59' title='bbox 139 819 301 865; x_wconf 86' lang='lat' dir='ltr'>Cyziceni</span> <span class='ocrx_word' id='word_1_60' title='bbox 316 820 575 854; x_wconf 74' lang='lat' dir='ltr'>proconnesum</span> <span class='ocrx_word' id='word_1_61' title='bbox 595 819 684 853; x_wconf 87' lang='lat' dir='ltr'>bello</span> <span class='ocrx_word' id='word_1_62' title='bbox 702 819 862 864; x_wconf 77' lang='lat' dir='ltr'>affligunt</span> 
     </span>
     <span class='ocr_line' id='line_1_16' title="bbox 187 876 360 919; baseline 0 -19"><span class='ocrx_word' id='word_1_63' title='bbox 187 876 296 919; x_wconf 40' lang='grc'><strong>1207,</strong></span> <span class='ocrx_word' id='word_1_64' title='bbox 306 877 360 900; x_wconf 89' lang='grc'>22.</span> 
     </span>
    </p>

    <p class='ocr_par' dir='ltr' id='par_1_7' title="bbox 138 911 862 1187">
     <span class='ocr_line' id='line_1_17' title="bbox 138 911 861 958; baseline -0.003 -12"><span class='ocrx_word' id='word_1_65' title='bbox 138 911 299 958; x_wconf 88' lang='lat' dir='ltr'>Cyziceni</span> <span class='ocrx_word' id='word_1_66' title='bbox 325 924 387 946; x_wconf 85' lang='lat' dir='ltr'>cur</span> <span class='ocrx_word' id='word_1_67' title='bbox 411 912 454 945; x_wconf 93' lang='lat' dir='ltr'>ab</span> <span class='ocrx_word' id='word_1_68' title='bbox 472 911 746 945; x_wconf 77' lang='lat' dir='ltr'>Atheniensibus</span> <span class='ocrx_word' id='word_1_69' title='bbox 769 911 861 944; x_wconf 85' lang='lat' dir='ltr'>defe-</span> 
     </span>
     <span class='ocr_line' id='line_1_18' title="bbox 183 957 861 992; baseline -0.001 0"><span class='ocrx_word' id='word_1_70' title='bbox 183 959 291 992; x_wconf 90' lang='lat' dir='ltr'>cerint</span> <span class='ocrx_word' id='word_1_71' title='bbox 312 965 345 992; x_wconf 91' lang='lat' dir='ltr'>et</span> <span class='ocrx_word' id='word_1_72' title='bbox 367 958 458 991; x_wconf 90' lang='lat' dir='ltr'>bello</span> <span class='ocrx_word' id='word_1_73' title='bbox 476 958 592 991; x_wconf 84' lang='lat' dir='ltr'>sociali</span> <span class='ocrx_word' id='word_1_74' title='bbox 618 957 784 991; x_wconf 75' lang='lat' dir='ltr'>adversus</span> <span class='ocrx_word' id='word_1_75' title='bbox 803 970 861 991; x_wconf 90' lang='lat' dir='ltr'>eos</span> 
     </span>
     <span class='ocr_line' id='line_1_19' title="bbox 183 1003 861 1048; baseline -0.003 -10"><span class='ocrx_word' id='word_1_76' title='bbox 183 1004 412 1044; x_wconf 83' lang='lat' dir='ltr'>interfuerint,</span> <span class='ocrx_word' id='word_1_77' title='bbox 429 1004 545 1038; x_wconf 87' lang='lat' dir='ltr'>Schol.</span> <span class='ocrx_word' id='word_1_78' title='bbox 559 1003 601 1037; x_wconf 89' lang='lat' dir='ltr'>ad</span> <span class='ocrx_word' id='word_1_79' title='bbox 615 1013 694 1048; x_wconf 85' lang='lat'>570,</span> <span class='ocrx_word' id='word_1_80' title='bbox 711 1013 763 1047; x_wconf 84' lang='lat'>15.</span> <span class='ocrx_word' id='word_1_81' title='bbox 793 1010 861 1037; x_wconf 90' lang='lat' dir='ltr'>sta—</span> 
     </span>
     <span class='ocr_line' id='line_1_20' title="bbox 182 1049 862 1095; baseline -0.001 -11"><span class='ocrx_word' id='word_1_82' title='bbox 182 1056 234 1084; x_wconf 88' lang='lat' dir='ltr'>ter</span> <span class='ocrx_word' id='word_1_83' title='bbox 260 1050 305 1095; x_wconf 68' lang='lat' dir='ltr'>C&gt;</span> <span class='ocrx_word' id='word_1_84' title='bbox 305 1051 454 1084; x_wconf 89' lang='lat' dir='ltr'>zicenus</span> <span class='ocrx_word' id='word_1_85' title='bbox 479 1050 613 1084; x_wconf 85' lang='lat' dir='ltr'>valebat</span> <span class='ocrx_word' id='word_1_86' title='bbox 637 1062 673 1083; x_wconf 89' lang='lat' dir='ltr'>m</span> <span class='ocrx_word' id='word_1_87' title='bbox 704 1049 862 1094; x_wconf 88' lang='lat' dir='ltr'>Bosporo</span> 
     </span>
     <span class='ocr_line' id='line_1_21' title="bbox 185 1096 862 1139; baseline -0.001 -8.999"><span class='ocrx_word' id='word_1_88' title='bbox 185 1097 227 1130; x_wconf 84' lang='lat'>28</span> <span class='ocrx_word' id='word_1_89' title='bbox 243 1096 425 1130; x_wconf 84' lang='lat' dir='ltr'>drachmas</span> <span class='ocrx_word' id='word_1_90' title='bbox 439 1096 572 1130; x_wconf 85' lang='lat' dir='ltr'>Atticas</span> <span class='ocrx_word' id='word_1_91' title='bbox 591 1107 670 1139; x_wconf 89' lang='grc'>914</span> <span class='ocrx_word' id='word_1_92' title='bbox 688 1106 700 1129; x_wconf 89' lang='grc'>1</span> <span class='ocrx_word' id='word_1_93' title='bbox 712 1107 740 1129; x_wconf 93' lang='grc'>1.</span> <span class='ocrx_word' id='word_1_94' title='bbox 768 1096 862 1129; x_wconf 83' lang='grc'><strong>1111(10</strong></span> 
     </span>
     <span class='ocr_line' id='line_1_22' title="bbox 183 1142 739 1187; baseline -0.002 -11"><span class='ocrx_word' id='word_1_95' title='bbox 183 1148 276 1187; x_wconf 88' lang='lat' dir='ltr'>patet</span> <span class='ocrx_word' id='word_1_96' title='bbox 294 1154 443 1177; x_wconf 85' lang='lat' dir='ltr'>numum</span> <span class='ocrx_word' id='word_1_97' title='bbox 460 1154 605 1176; x_wconf 90' lang='lat' dir='ltr'>aureum</span> <span class='ocrx_word' id='word_1_98' title='bbox 623 1142 739 1176; x_wconf 83' lang='lat' dir='ltr'>fuisse.</span> 
     </span>
    </p>

    <p class='ocr_par' dir='ltr' id='par_1_8' title="bbox 138 1188 862 1371">
     <span class='ocr_line' id='line_1_23' title="bbox 138 1188 862 1233; baseline -0.001 -11"><span class='ocrx_word' id='word_1_99' title='bbox 138 1189 354 1232; x_wconf 65' lang='lat' dir='ltr'>Damagetus</span> <span class='ocrx_word' id='word_1_100' title='bbox 387 1194 507 1222; x_wconf 86' lang='lat' dir='ltr'>auctor</span> <span class='ocrx_word' id='word_1_101' title='bbox 541 1188 717 1233; x_wconf 79' lang='lat' dir='ltr'>Byzantiis</span> <span class='ocrx_word' id='word_1_102' title='bbox 750 1188 862 1222; x_wconf 90' lang='lat' dir='ltr'>faetus</span> 
     </span>
     <span class='ocr_line' id='line_1_24' title="bbox 184 1234 862 1268; baseline -0.001 0"><span class='ocrx_word' id='word_1_103' title='bbox 184 1241 236 1268; x_wconf 90' lang='lat' dir='ltr'>est</span> <span class='ocrx_word' id='word_1_104' title='bbox 263 1246 409 1268; x_wconf 89' lang='lat' dir='ltr'>coronae</span> <span class='ocrx_word' id='word_1_105' title='bbox 435 1246 557 1268; x_wconf 82' lang='lat' dir='ltr'>aureae</span> <span class='ocrx_word' id='word_1_106' title='bbox 579 1235 616 1268; x_wconf 88' lang='lat' dir='ltr'>P.</span> <span class='ocrx_word' id='word_1_107' title='bbox 637 1235 678 1267; x_wconf 85' lang='lat' dir='ltr'>A.</span> <span class='ocrx_word' id='word_1_108' title='bbox 707 1234 862 1268; x_wconf 86' lang='lat' dir='ltr'>deferen-</span> 
     </span>
     <span class='ocr_line' id='line_1_25' title="bbox 185 1280 862 1325; baseline -0.001 -11"><span class='ocrx_word' id='word_1_109' title='bbox 185 1281 247 1314; x_wconf 90' lang='lat' dir='ltr'>dae</span> <span class='ocrx_word' id='word_1_110' title='bbox 274 1281 318 1315; x_wconf 94' lang='lat' dir='ltr'>ob</span> <span class='ocrx_word' id='word_1_111' title='bbox 348 1280 532 1325; x_wconf 87' lang='lat' dir='ltr'>depulsum</span> <span class='ocrx_word' id='word_1_112' title='bbox 556 1292 574 1314; x_wconf 90' lang='lat' dir='ltr'>a</span> <span class='ocrx_word' id='word_1_113' title='bbox 597 1280 766 1325; x_wconf 81' lang='lat' dir='ltr'>Byzantio</span> <span class='ocrx_word' id='word_1_114' title='bbox 789 1281 862 1325; x_wconf 88' lang='lat' dir='ltr'>ejus</span> 
     </span>
     <span class='ocr_line' id='line_1_26' title="bbox 184 1326 673 1371; baseline 0 -11"><span class='ocrx_word' id='word_1_115' title='bbox 184 1338 288 1371; x_wconf 91' lang='lat' dir='ltr'>opera</span> <span class='ocrx_word' id='word_1_116' title='bbox 306 1326 506 1371; x_wconf 82' lang='lat' dir='ltr'>Philippum</span> <span class='ocrx_word' id='word_1_117' title='bbox 525 1336 578 1368; x_wconf 59' lang='grc' dir='ltr'>25ι</span> <span class='ocrx_word' id='word_1_118' title='bbox 595 1353 603 1366; x_wconf 84' lang='grc'>,</span> <span class='ocrx_word' id='word_1_119' title='bbox 619 1337 673 1360; x_wconf 93' lang='grc'>20.</span> 
     </span>
    </p>

    <p class='ocr_par' dir='ltr' id='par_1_9' title="bbox 139 1372 768 1416">
     <span class='ocr_line' id='line_1_27' title="bbox 139 1372 768 1416; baseline -0.003 -9"><span class='ocrx_word' id='word_1_120' title='bbox 139 1373 387 1407; x_wconf 89' lang='lat' dir='ltr'>Damostratus</span> <span class='ocrx_word' id='word_1_121' title='bbox 407 1373 599 1406; x_wconf 78' lang='lat' dir='ltr'>Melitensis</span> <span class='ocrx_word' id='word_1_122' title='bbox 619 1383 716 1416; x_wconf 81' lang='lat'>1310,</span> <span class='ocrx_word' id='word_1_123' title='bbox 736 1372 768 1406; x_wconf 90' lang='lat'>6.</span> 
     </span>
    </p>

    <p class='ocr_par' dir='ltr' id='par_1_10' title="bbox 140 1419 861 1509">
     <span class='ocr_line' id='line_1_28' title="bbox 140 1419 861 1464; baseline -0.003 -11"><span class='ocrx_word' id='word_1_124' title='bbox 140 1419 385 1453; x_wconf 83' lang='lat' dir='ltr'>Damostratus</span> <span class='ocrx_word' id='word_1_125' title='bbox 415 1419 544 1463; x_wconf 85' lang='lat' dir='ltr'>junior,</span> <span class='ocrx_word' id='word_1_126' title='bbox 568 1419 659 1452; x_wconf 87' lang='lat' dir='ltr'>illius</span> <span class='ocrx_word' id='word_1_127' title='bbox 689 1430 728 1451; x_wconf 84' lang='lat' dir='ltr'>ex</span> <span class='ocrx_word' id='word_1_128' title='bbox 752 1419 861 1464; x_wconf 87' lang='lat' dir='ltr'>Amy-</span> 
     </span>
     <span class='ocr_line' id='line_1_29' title="bbox 185 1465 624 1509; baseline 0 -11"><span class='ocrx_word' id='word_1_129' title='bbox 185 1465 312 1499; x_wconf 85' lang='lat' dir='ltr'>thaone</span> <span class='ocrx_word' id='word_1_130' title='bbox 330 1476 437 1509; x_wconf 89' lang='lat' dir='ltr'>nepos</span> <span class='ocrx_word' id='word_1_131' title='bbox 456 1476 555 1508; x_wconf 83' lang='grc'><strong>1310,</strong></span> <span class='ocrx_word' id='word_1_132' title='bbox 572 1476 584 1498; x_wconf 92' lang='grc'>1</span> <span class='ocrx_word' id='word_1_133' title='bbox 596 1476 624 1498; x_wconf 93' lang='grc'>1.</span> 
     </span>
    </p>

    <p class='ocr_par' dir='ltr' id='par_1_11' title="bbox 140 1510 860 1554">
     <span class='ocr_line' id='line_1_30' title="bbox 140 1510 860 1554; baseline -0.003 -9"><span class='ocrx_word' id='word_1_134' title='bbox 140 1511 319 1549; x_wconf 81' lang='lat' dir='ltr'>Daochus,</span> <span class='ocrx_word' id='word_1_135' title='bbox 337 1511 539 1551; x_wconf 85' lang='lat' dir='ltr'>Thessalus,</span> <span class='ocrx_word' id='word_1_136' title='bbox 558 1510 713 1554; x_wconf 84' lang='lat' dir='ltr'>proditor</span> <span class='ocrx_word' id='word_1_137' title='bbox 730 1521 810 1553; x_wconf 87' lang='grc'><strong>324,</strong></span> <span class='ocrx_word' id='word_1_138' title='bbox 829 1510 860 1543; x_wconf 81' lang='lat' dir='ltr'>S.</span> 
     </span>
    </p>

    <p class='ocr_par' dir='ltr' id='par_1_12' title="bbox 138 1556 862 1691">
     <span class='ocr_line' id='line_1_31' title="bbox 138 1556 862 1601; baseline -0.003 -10"><span class='ocrx_word' id='word_1_139' title='bbox 138 1557 268 1591; x_wconf 89' lang='lat' dir='ltr'>Darius</span> <span class='ocrx_word' id='word_1_140' title='bbox 301 1558 446 1601; x_wconf 87' lang='lat' dir='ltr'>primus,</span> <span class='ocrx_word' id='word_1_141' title='bbox 474 1569 531 1590; x_wconf 85' lang='lat' dir='ltr'>rex</span> <span class='ocrx_word' id='word_1_142' title='bbox 564 1557 758 1595; x_wconf 84' lang='lat' dir='ltr'>Persarum,</span> <span class='ocrx_word' id='word_1_143' title='bbox 793 1556 862 1589; x_wconf 89' lang='lat' dir='ltr'>Da-</span> 
     </span>
     <span class='ocr_line' id='line_1_32' title="bbox 184 1603 861 1647; baseline -0.003 -10"><span class='ocrx_word' id='word_1_144' title='bbox 184 1604 235 1637; x_wconf 90' lang='lat' dir='ltr'>tin</span> <span class='ocrx_word' id='word_1_145' title='bbox 257 1603 423 1637; x_wconf 84' lang='lat' dir='ltr'>adversus</span> <span class='ocrx_word' id='word_1_146' title='bbox 443 1603 622 1637; x_wconf 77' lang='lat' dir='ltr'>Graeciam</span> <span class='ocrx_word' id='word_1_147' title='bbox 640 1603 745 1636; x_wconf 84' lang='lat' dir='ltr'>mittit</span> <span class='ocrx_word' id='word_1_148' title='bbox 762 1612 861 1647; x_wconf 83' lang='grc'><strong>1377,</strong></span> 
     </span>
     <span class='ocr_line' id='line_1_33' title="bbox 186 1659 218 1691; baseline 0 -8"><span class='ocrx_word' id='word_1_149' title='bbox 186 1659 218 1691; x_wconf 88' lang='lat'>5.</span> 
     </span>
    </p>

    <p class='ocr_par' dir='ltr' id='par_1_13' title="bbox 142 1693 864 1877">
     <span class='ocr_line' id='line_1_34' title="bbox 142 1693 863 1739; baseline -0.004 -10"><span class='ocrx_word' id='word_1_150' title='bbox 142 1695 252 1735; x_wconf 91' lang='lat' dir='ltr'>Datis,</span> <span class='ocrx_word' id='word_1_151' title='bbox 283 1696 418 1739; x_wconf 74' lang='lat' dir='ltr'>legatus</span> <span class='ocrx_word' id='word_1_152' title='bbox 450 1694 541 1738; x_wconf 84' lang='lat' dir='ltr'>regis</span> <span class='ocrx_word' id='word_1_153' title='bbox 576 1693 773 1733; x_wconf 84' lang='lat' dir='ltr'>Persarum,</span> <span class='ocrx_word' id='word_1_154' title='bbox 803 1693 863 1727; x_wconf 87' lang='lat' dir='ltr'>ad-</span> 
     </span>
     <span class='ocr_line' id='line_1_35' title="bbox 186 1740 864 1783; baseline -0.004 -8"><span class='ocrx_word' id='word_1_155' title='bbox 186 1753 306 1775; x_wconf 84' lang='lat' dir='ltr'>versus</span> <span class='ocrx_word' id='word_1_156' title='bbox 322 1741 501 1774; x_wconf 87' lang='lat' dir='ltr'>Euboeam</span> <span class='ocrx_word' id='word_1_157' title='bbox 519 1746 551 1774; x_wconf 83' lang='lat' dir='ltr'>et</span> <span class='ocrx_word' id='word_1_158' title='bbox 569 1752 691 1783; x_wconf 60' lang='lat' dir='ltr'>aarum</span> <span class='ocrx_word' id='word_1_159' title='bbox 707 1740 864 1773; x_wconf 86' lang='lat' dir='ltr'>Atticum</span> 
     </span>
     <span class='ocr_line' id='line_1_36' title="bbox 185 1786 864 1875; baseline -0.003 -54"><span class='ocrx_word' id='word_1_160' title='bbox 185 1799 266 1821; x_wconf 80' lang='grc'><strong>11101·</strong></span> <span class='ocrx_word' id='word_1_161' title='bbox 269 1794 301 1821; x_wconf 85' lang='grc'>01</span> <span class='ocrx_word' id='word_1_162' title='bbox 319 1793 351 1821; x_wconf 86' lang='grc'>01</span> <span class='ocrx_word' id='word_1_163' title='bbox 367 1788 402 1820; x_wconf 86' lang='grc'>111</span> <span class='ocrx_word' id='word_1_164' title='bbox 421 1798 560 1875; x_wconf 82' lang='lat' dir='ltr'>campo4</span> <span class='ocrx_word' id='word_1_165' title='bbox 556 1786 778 1820; x_wconf 87' lang='lat' dir='ltr'>Marathonio</span> <span class='ocrx_word' id='word_1_166' title='bbox 797 1787 864 1820; x_wconf 88' lang='lat' dir='ltr'>cla-</span> 
     </span>
     <span class='ocr_line' id='line_1_37' title="bbox 187 1833 572 1877; baseline -0.005 -10"><span class='ocrx_word' id='word_1_167' title='bbox 187 1833 267 1867; x_wconf 89' lang='lat' dir='ltr'>dem</span> <span class='ocrx_word' id='word_1_168' title='bbox 284 1833 404 1877; x_wconf 91' lang='lat' dir='ltr'>aceipit</span> <span class='ocrx_word' id='word_1_169' title='bbox 422 1842 507 1877; x_wconf 79' lang='grc'><strong>137-</strong></span> <span class='ocrx_word' id='word_1_170' title='bbox 495 1846 560 1877; x_wconf 66' lang='grc'>,,4</span> <span class='ocrx_word' id='word_1_171' title='bbox 566 1859 572 1865; x_wconf 96' lang='grc'><strong>.</strong></span> 
     </span>
    </p>

    <p class='ocr_par' dir='ltr' id='par_1_14' title="bbox 142 1879 865 2107">
     <span class='ocr_line' id='line_1_38' title="bbox 142 1879 864 1923; baseline -0.003 -10"><span class='ocrx_word' id='word_1_172' title='bbox 142 1880 298 1913; x_wconf 88' lang='lat' dir='ltr'>Decelea.</span> <span class='ocrx_word' id='word_1_173' title='bbox 350 1879 511 1912; x_wconf 91' lang='lat' dir='ltr'>Decelico</span> <span class='ocrx_word' id='word_1_174' title='bbox 540 1879 641 1918; x_wconf 91' lang='lat' dir='ltr'>bello,</span> <span class='ocrx_word' id='word_1_175' title='bbox 669 1890 756 1923; x_wconf 88' lang='lat' dir='ltr'>quae</span> <span class='ocrx_word' id='word_1_176' title='bbox 785 1890 864 1922; x_wconf 91' lang='lat' dir='ltr'>pars</span> 
     </span>
     <span class='ocr_line' id='line_1_39' title="bbox 187 1924 865 1969; baseline -0.003 -10"><span class='ocrx_word' id='word_1_177' title='bbox 187 1932 238 1959; x_wconf 88' lang='lat' dir='ltr'>est</span> <span class='ocrx_word' id='word_1_178' title='bbox 266 1925 560 1969; x_wconf 84' lang='lat' dir='ltr'>Peloponnesiaci,</span> <span class='ocrx_word' id='word_1_179' title='bbox 587 1924 816 1958; x_wconf 84' lang='lat' dir='ltr'>Athenienses</span> <span class='ocrx_word' id='word_1_180' title='bbox 846 1936 865 1958; x_wconf 93' lang='lat' dir='ltr'>a</span> 
     </span>
     <span class='ocr_line' id='line_1_40' title="bbox 185 1970 864 2015; baseline -0.001 -11"><span class='ocrx_word' id='word_1_181' title='bbox 185 1971 361 2005; x_wconf 87' lang='lat' dir='ltr'>Thebanis</span> <span class='ocrx_word' id='word_1_182' title='bbox 380 1977 482 2015; x_wconf 88' lang='lat' dir='ltr'>atque</span> <span class='ocrx_word' id='word_1_183' title='bbox 500 1970 689 2004; x_wconf 84' lang='lat' dir='ltr'>Corinthiis</span> <span class='ocrx_word' id='word_1_184' title='bbox 707 1971 864 2014; x_wconf 84' lang='lat' dir='ltr'>ingentes</span> 
     </span>
     <span class='ocr_line' id='line_1_41' title="bbox 188 2016 862 2061; baseline -0.003 -10"><span class='ocrx_word' id='word_1_185' title='bbox 188 2017 301 2051; x_wconf 84' lang='lat' dir='ltr'>clades</span> <span class='ocrx_word' id='word_1_186' title='bbox 328 2017 541 2061; x_wconf 85' lang='lat' dir='ltr'>accipiebant</span> <span class='ocrx_word' id='word_1_187' title='bbox 560 2018 637 2058; x_wconf 91' lang='grc'><strong>258,</strong></span> <span class='ocrx_word' id='word_1_188' title='bbox 657 2028 707 2060; x_wconf 88' lang='grc'>13.</span> <span class='ocrx_word' id='word_1_189' title='bbox 732 2016 850 2060; x_wconf 86' lang='grc'><strong>562,4</strong></span> <span class='ocrx_word' id='word_1_190' title='bbox 834 2038 837 2041; x_wconf 35' lang='grc' dir='ltr'><em>ι</em></span> <span class='ocrx_word' id='word_1_191' title='bbox 830 2029 862 2058; x_wconf 89' lang='lat'>4.</span> 
     </span>
     <span class='ocr_line' id='line_1_42' title="bbox 188 2063 677 2114; baseline -0.002 -6.981"><span class='ocrx_word' id='word_1_192' title='bbox 188 2072 267 2107; x_wconf 61' lang='lat'>197</span> <span class='ocrx_word' id='word_1_193' title='bbox 285 2063 338 2097; x_wconf 85' lang='lat'>26-</span> <span class='ocrx_word' id='word_1_194' title='bbox 361 2073 437 2107; x_wconf 66' lang='lat'>7402</span> <span class='ocrx_word' id='word_1_195' title='bbox 454 2074 508 2107; x_wconf 86' lang='lat'>25</span> <span class='ocrx_word' id='word_1_196' title='bbox 531 2074 629 2107; x_wconf 80' lang='lat'>1304</span> <span class='ocrx_word' id='word_1_197' title='bbox 647 2072 677 2114; x_wconf 90' lang='grc'>7</span> 
     </span>
    </p>

    <p class='ocr_par' dir='ltr' id='par_1_15' title="bbox 142 2109 864 2189">
     <span class='ocr_line' id='line_1_43' title="bbox 142 2109 864 2153; baseline -0.003 -10"><span class='ocrx_word' id='word_1_198' title='bbox 142 2109 353 2153; x_wconf 90' lang='lat' dir='ltr'>Delphicum</span> <span class='ocrx_word' id='word_1_199' title='bbox 364 2110 533 2153; x_wconf 89' lang='lat' dir='ltr'>templum</span> <span class='ocrx_word' id='word_1_200' title='bbox 546 2109 708 2153; x_wconf 89' lang='lat' dir='ltr'>pecunias</span> <span class='ocrx_word' id='word_1_201' title='bbox 720 2120 864 2152; x_wconf 89' lang='lat' dir='ltr'>poscen-</span> 
     </span>
     <span class='ocr_line' id='line_1_44' title="bbox 188 2155 864 2194; baseline -0.001 -5"><span class='ocrx_word' id='word_1_202' title='bbox 188 2156 282 2189; x_wconf 88' lang='lat' dir='ltr'>tibus</span> <span class='ocrx_word' id='word_1_203' title='bbox 305 2156 437 2189; x_wconf 87' lang='lat' dir='ltr'>foenori</span> <span class='ocrx_word' id='word_1_204' title='bbox 455 2155 570 2194; x_wconf 86' lang='lat' dir='ltr'>dabat,</span> <span class='ocrx_word' id='word_1_205' title='bbox 589 2161 627 2188; x_wconf 90' lang='grc'>111</span> <span class='ocrx_word' id='word_1_206' title='bbox 645 2155 864 2188; x_wconf 85' lang='lat' dir='ltr'>Alcmaeoni-</span> 
     </span>
    </p>
   </div>
   <div class='ocr_carea' id='block_1_3' title="bbox 690 543 862 588">
    <p class='ocr_par' dir='ltr' id='par_1_16' title="bbox 690 543 862 588">
     <span class='ocr_line' id='line_1_45' title="bbox 690 543 862 588; baseline 0 -12"><span class='ocrx_word' id='word_1_207' title='bbox 690 543 862 588; x_wconf 77' lang='grc' dir='ltr'>Κυθὴραδε</span> 
     </span>
    </p>
   </div>
   <div class='ocr_carea' id='block_1_4' title="bbox 144 2200 868 2979">
    <p class='ocr_par' dir='ltr' id='par_1_17' title="bbox 187 2200 866 2475">
     <span class='ocr_line' id='line_1_46' title="bbox 187 2200 865 2246; baseline -0.001 -11"><span class='ocrx_word' id='word_1_208' title='bbox 187 2201 240 2235; x_wconf 89' lang='lat' dir='ltr'>dis</span> <span class='ocrx_word' id='word_1_209' title='bbox 259 2201 353 2235; x_wconf 89' lang='lat' dir='ltr'>dedit</span> <span class='ocrx_word' id='word_1_210' title='bbox 371 2201 623 2240; x_wconf 84' lang='lat' dir='ltr'>exsulantibus,</span> <span class='ocrx_word' id='word_1_211' title='bbox 636 2212 705 2246; x_wconf 91' lang='lat' dir='ltr'>quo</span> <span class='ocrx_word' id='word_1_212' title='bbox 720 2200 865 2234; x_wconf 86' lang='lat' dir='ltr'>domum</span> 
     </span>
     <span class='ocr_line' id='line_1_47' title="bbox 187 2247 865 2293; baseline 0 -12"><span class='ocrx_word' id='word_1_213' title='bbox 187 2247 338 2281; x_wconf 86' lang='lat' dir='ltr'>redirent</span> <span class='ocrx_word' id='word_1_214' title='bbox 355 2254 457 2293; x_wconf 89' lang='lat' dir='ltr'>atque</span> <span class='ocrx_word' id='word_1_215' title='bbox 477 2247 622 2291; x_wconf 87' lang='lat' dir='ltr'>patriam</span> <span class='ocrx_word' id='word_1_216' title='bbox 641 2259 660 2280; x_wconf 88' lang='lat' dir='ltr'>a</span> <span class='ocrx_word' id='word_1_217' title='bbox 678 2247 865 2281; x_wconf 84' lang='lat' dir='ltr'>Pisistrati·</span> 
     </span>
     <span class='ocr_line' id='line_1_48' title="bbox 187 2293 866 2337; baseline -0.001 -10"><span class='ocrx_word' id='word_1_218' title='bbox 187 2293 240 2327; x_wconf 84' lang='lat' dir='ltr'>dis</span> <span class='ocrx_word' id='word_1_219' title='bbox 257 2294 441 2327; x_wconf 84' lang='lat' dir='ltr'>liberarent</span> <span class='ocrx_word' id='word_1_220' title='bbox 459 2293 537 2335; x_wconf 89' lang='lat'>561,</span> <span class='ocrx_word' id='word_1_221' title='bbox 557 2294 608 2327; x_wconf 82' lang='lat'>18.</span> <span class='ocrx_word' id='word_1_222' title='bbox 644 2293 752 2337; x_wconf 80' lang='lat' dir='ltr'>patria</span> <span class='ocrx_word' id='word_1_223' title='bbox 770 2305 866 2326; x_wconf 88' lang='lat' dir='ltr'>sacra</span> 
     </span>
     <span class='ocr_line' id='line_1_49' title="bbox 187 2339 864 2384; baseline -0.001 -11"><span class='ocrx_word' id='word_1_224' title='bbox 187 2351 250 2383; x_wconf 90' lang='lat' dir='ltr'>pro</span> <span class='ocrx_word' id='word_1_225' title='bbox 267 2351 339 2383; x_wconf 87' lang='lat' dir='ltr'>rep.</span> <span class='ocrx_word' id='word_1_226' title='bbox 354 2339 482 2373; x_wconf 85' lang='lat' dir='ltr'>Athen.</span> <span class='ocrx_word' id='word_1_227' title='bbox 499 2339 646 2384; x_wconf 87' lang='lat' dir='ltr'>Delphis</span> <span class='ocrx_word' id='word_1_228' title='bbox 665 2340 786 2379; x_wconf 87' lang='lat' dir='ltr'>facere,</span> <span class='ocrx_word' id='word_1_229' title='bbox 798 2340 864 2372; x_wconf 88' lang='lat' dir='ltr'>nisi</span> 
     </span>
     <span class='ocr_line' id='line_1_50' title="bbox 188 2385 864 2427; baseline -0.001 -8"><span class='ocrx_word' id='word_1_230' title='bbox 188 2385 403 2425; x_wconf 74' lang='lat' dir='ltr'>Atheniensi,</span> <span class='ocrx_word' id='word_1_231' title='bbox 445 2386 576 2419; x_wconf 88' lang='lat' dir='ltr'>nemini</span> <span class='ocrx_word' id='word_1_232' title='bbox 616 2385 739 2419; x_wconf 78' lang='lat' dir='ltr'>licebat</span> <span class='ocrx_word' id='word_1_233' title='bbox 766 2386 864 2427; x_wconf 83' lang='grc'><strong>1481,</strong></span> 
     </span>
     <span class='ocr_line' id='line_1_51' title="bbox 188 2443 266 2475; baseline 0 -11"><span class='ocrx_word' id='word_1_234' title='bbox 188 2443 266 2475; x_wconf 90' lang='lat' dir='ltr'>pen.</span> 
     </span>
    </p>

    <p class='ocr_par' dir='ltr' id='par_1_18' title="bbox 144 2476 867 2882">
     <span class='ocr_line' id='line_1_52' title="bbox 144 2476 865 2521; baseline 0 -11"><span class='ocrx_word' id='word_1_235' title='bbox 144 2477 265 2510; x_wconf 75' lang='lat' dir='ltr'>Delus.</span> <span class='ocrx_word' id='word_1_236' title='bbox 300 2476 343 2510; x_wconf 88' lang='lat' dir='ltr'>ad</span> <span class='ocrx_word' id='word_1_237' title='bbox 368 2488 527 2510; x_wconf 82' lang='lat' dir='ltr'>caussam</span> <span class='ocrx_word' id='word_1_238' title='bbox 552 2477 670 2520; x_wconf 85' lang='lat' dir='ltr'>templi</span> <span class='ocrx_word' id='word_1_239' title='bbox 693 2477 865 2521; x_wconf 73' lang='lat' dir='ltr'>Apollinis</span> 
     </span>
     <span class='ocr_line' id='line_1_53' title="bbox 188 2522 865 2566; baseline 0.001 -11"><span class='ocrx_word' id='word_1_240' title='bbox 188 2523 224 2555; x_wconf 93' lang='lat' dir='ltr'>in</span> <span class='ocrx_word' id='word_1_241' title='bbox 244 2523 332 2556; x_wconf 88' lang='lat' dir='ltr'>Delo</span> <span class='ocrx_word' id='word_1_242' title='bbox 348 2534 411 2566; x_wconf 89' lang='lat' dir='ltr'>pro</span> <span class='ocrx_word' id='word_1_243' title='bbox 429 2522 701 2556; x_wconf 81' lang='lat' dir='ltr'>Atheniensibus</span> <span class='ocrx_word' id='word_1_244' title='bbox 724 2524 760 2556; x_wconf 88' lang='grc'>111</span> <span class='ocrx_word' id='word_1_245' title='bbox 783 2535 865 2556; x_wconf 83' lang='lat' dir='ltr'>con·</span> 
     </span>
     <span class='ocr_line' id='line_1_54' title="bbox 190 2568 865 2612; baseline 0.001 -11"><span class='ocrx_word' id='word_1_246' title='bbox 190 2568 267 2601; x_wconf 86' lang='lat' dir='ltr'>cilio</span> <span class='ocrx_word' id='word_1_247' title='bbox 284 2568 574 2612; x_wconf 85' lang='lat' dir='ltr'>Amphictyonico</span> <span class='ocrx_word' id='word_1_248' title='bbox 600 2568 781 2602; x_wconf 87' lang='lat' dir='ltr'>dicendam</span> <span class='ocrx_word' id='word_1_249' title='bbox 808 2568 865 2602; x_wconf 85' lang='lat' dir='ltr'>(le-</span> 
     </span>
     <span class='ocr_line' id='line_1_55' title="bbox 189 2615 865 2657; baseline 0 -10"><span class='ocrx_word' id='word_1_250' title='bbox 189 2615 300 2647; x_wconf 84' lang='lat' dir='ltr'>lectus</span> <span class='ocrx_word' id='word_1_251' title='bbox 329 2625 348 2647; x_wconf 90' lang='lat' dir='ltr'>a</span> <span class='ocrx_word' id='word_1_252' title='bbox 381 2615 510 2657; x_wconf 89' lang='lat' dir='ltr'>populo</span> <span class='ocrx_word' id='word_1_253' title='bbox 540 2625 619 2647; x_wconf 89' lang='lat' dir='ltr'>cum</span> <span class='ocrx_word' id='word_1_254' title='bbox 648 2615 771 2647; x_wconf 81' lang='lat' dir='ltr'>fuisset</span> <span class='ocrx_word' id='word_1_255' title='bbox 798 2615 865 2647; x_wconf 85' lang='lat' dir='ltr'>Ae-</span> 
     </span>
     <span class='ocr_line' id='line_1_56' title="bbox 191 2659 866 2703; baseline 0.001 -11"><span class='ocrx_word' id='word_1_256' title='bbox 191 2660 340 2697; x_wconf 81' lang='lat' dir='ltr'>schines,</span> <span class='ocrx_word' id='word_1_257' title='bbox 355 2671 394 2692; x_wconf 90' lang='lat' dir='ltr'>eo</span> <span class='ocrx_word' id='word_1_258' title='bbox 413 2659 606 2703; x_wconf 88' lang='lat' dir='ltr'>reprobato,</span> <span class='ocrx_word' id='word_1_259' title='bbox 622 2666 762 2694; x_wconf 88' lang='lat' dir='ltr'>senatus</span> <span class='ocrx_word' id='word_1_260' title='bbox 781 2661 866 2693; x_wconf 88' lang='lat' dir='ltr'>Are-</span> 
     </span>
     <span class='ocr_line' id='line_1_57' title="bbox 190 2705 867 2751; baseline 0 -12"><span class='ocrx_word' id='word_1_261' title='bbox 190 2706 383 2749; x_wconf 79' lang='lat' dir='ltr'>opagiticus</span> <span class='ocrx_word' id='word_1_262' title='bbox 401 2706 571 2738; x_wconf 85' lang='lat' dir='ltr'>actionem</span> <span class='ocrx_word' id='word_1_263' title='bbox 588 2705 678 2738; x_wconf 86' lang='lat' dir='ltr'>hanc</span> <span class='ocrx_word' id='word_1_264' title='bbox 698 2706 867 2751; x_wconf 89' lang='lat' dir='ltr'>Hyperidi</span> 
     </span>
     <span class='ocr_line' id='line_1_58' title="bbox 191 2751 867 2796; baseline 0.001 -12"><span class='ocrx_word' id='word_1_265' title='bbox 191 2751 413 2784; x_wconf 83' lang='lat' dir='ltr'>demandavit</span> <span class='ocrx_word' id='word_1_266' title='bbox 432 2760 510 2795; x_wconf 86' lang='lat'>271,</span> <span class='ocrx_word' id='word_1_267' title='bbox 530 2762 583 2794; x_wconf 83' lang='lat'>23.</span> <span class='ocrx_word' id='word_1_268' title='bbox 611 2751 652 2790; x_wconf 60' lang='lat' dir='ltr'>⁸id</span> <span class='ocrx_word' id='word_1_269' title='bbox 673 2752 767 2796; x_wconf 91' lang='lat' dir='ltr'>quod</span> <span class='ocrx_word' id='word_1_270' title='bbox 790 2764 867 2785; x_wconf 76' lang='lat' dir='ltr'>eve-</span> 
     </span>
     <span class='ocr_line' id='line_1_59' title="bbox 191 2796 866 2841; baseline 0.001 -11"><span class='ocrx_word' id='word_1_271' title='bbox 191 2797 242 2830; x_wconf 88' lang='lat' dir='ltr'>nit</span> <span class='ocrx_word' id='word_1_272' title='bbox 263 2803 340 2830; x_wconf 89' lang='lat' dir='ltr'>ante</span> <span class='ocrx_word' id='word_1_273' title='bbox 358 2808 463 2841; x_wconf 87' lang='lat' dir='ltr'>quam</span> <span class='ocrx_word' id='word_1_274' title='bbox 482 2796 619 2841; x_wconf 81' lang='lat' dir='ltr'>Python</span> <span class='ocrx_word' id='word_1_275' title='bbox 637 2797 792 2831; x_wconf 78' lang='lat' dir='ltr'>Athenas</span> <span class='ocrx_word' id='word_1_276' title='bbox 810 2810 866 2831; x_wconf 85' lang='lat' dir='ltr'>ve-</span> 
     </span>
     <span class='ocr_line' id='line_1_60' title="bbox 191 2842 444 2882; baseline -0.004 -6"><span class='ocrx_word' id='word_1_277' title='bbox 191 2843 280 2876; x_wconf 87' lang='lat' dir='ltr'>niret</span> <span class='ocrx_word' id='word_1_278' title='bbox 298 2842 376 2882; x_wconf 84' lang='lat'>262,</span> <span class='ocrx_word' id='word_1_279' title='bbox 392 2843 444 2875; x_wconf 88' lang='lat'>16.</span> 
     </span>
    </p>

    <p class='ocr_par' dir='ltr' id='par_1_19' title="bbox 148 2888 868 2979">
     <span class='ocr_line' id='line_1_61' title="bbox 148 2888 868 2932; baseline 0 -10"><span class='ocrx_word' id='word_1_280' title='bbox 148 2888 332 2928; x_wconf 82' lang='lat' dir='ltr'>Demades,</span> <span class='ocrx_word' id='word_1_281' title='bbox 351 2894 476 2928; x_wconf 88' lang='lat' dir='ltr'>orator,</span> <span class='ocrx_word' id='word_1_282' title='bbox 497 2900 578 2921; x_wconf 90' lang='lat' dir='ltr'>cum</span> <span class='ocrx_word' id='word_1_283' title='bbox 603 2888 762 2932; x_wconf 90' lang='lat' dir='ltr'>Philippo</span> <span class='ocrx_word' id='word_1_284' title='bbox 788 2889 868 2922; x_wconf 90' lang='lat' dir='ltr'>facit</span> 
     </span>
     <span class='ocr_line' id='line_1_62' title="bbox 192 2934 868 2979; baseline 0 -11"><span class='ocrx_word' id='word_1_285' title='bbox 192 2945 271 2978; x_wconf 83' lang='lat'><em>320,</em></span> <span class='ocrx_word' id='word_1_286' title='bbox 292 2944 346 2979; x_wconf 92' lang='grc'>27.</span> <span class='ocrx_word' id='word_1_287' title='bbox 379 2940 500 2968; x_wconf 80' lang='lat' dir='ltr'>auctor</span> <span class='ocrx_word' id='word_1_288' title='bbox 520 2934 557 2967; x_wconf 76' lang='lat' dir='ltr'>fit</span> <span class='ocrx_word' id='word_1_289' title='bbox 578 2934 671 2978; x_wconf 85' lang='lat' dir='ltr'>pacis</span> <span class='ocrx_word' id='word_1_290' title='bbox 690 2946 771 2968; x_wconf 88' lang='lat' dir='ltr'>cum</span> <span class='ocrx_word' id='word_1_291' title='bbox 790 2935 868 2968; x_wconf 86' lang='lat' dir='ltr'>Ma—</span> 
     </span>
    </p>
   </div>
   <div class='ocr_carea' id='block_1_5' title="bbox 1546 120 1644 163">
    <p class='ocr_par' dir='ltr' id='par_1_20' title="bbox 1546 120 1644 163">
     <span class='ocr_line' id='line_1_63' title="bbox 1546 120 1644 163; baseline 0.02 -8"><span class='ocrx_word' id='word_1_292' title='bbox 1546 120 1644 163; x_wconf 72' lang='lat'>1473</span> 
     </span>
    </p>
   </div>
   <div class='ocr_carea' id='block_1_6' title="bbox 918 218 1646 2980">
    <p class='ocr_par' dir='ltr' id='par_1_21' title="bbox 965 218 1646 408">
     <span class='ocr_line' id='line_1_64' title="bbox 965 218 1646 264; baseline 0.003 -12"><span class='ocrx_word' id='word_1_293' title='bbox 965 219 1095 253; x_wconf 80' lang='lat' dir='ltr'>cedone</span> <span class='ocrx_word' id='word_1_294' title='bbox 1117 226 1193 264; x_wconf 78' lang='lat' dir='ltr'>post</span> <span class='ocrx_word' id='word_1_295' title='bbox 1212 218 1344 252; x_wconf 80' lang='lat' dir='ltr'>cladem</span> <span class='ocrx_word' id='word_1_296' title='bbox 1365 219 1646 254; x_wconf 79' lang='lat' dir='ltr'>Chaeronensem</span> 
     </span>
     <span class='ocr_line' id='line_1_65' title="bbox 966 265 1645 308; baseline 0 -9"><span class='ocrx_word' id='word_1_297' title='bbox 966 266 1048 299; x_wconf 85' lang='lat' dir='ltr'>ibid.</span> <span class='ocrx_word' id='word_1_298' title='bbox 1088 266 1317 308; x_wconf 70' lang='lat' dir='ltr'>Aristogiton,</span> <span class='ocrx_word' id='word_1_299' title='bbox 1330 265 1500 298; x_wconf 84' lang='lat' dir='ltr'>actionem</span> <span class='ocrx_word' id='word_1_300' title='bbox 1517 266 1550 298; x_wconf 93' lang='lat' dir='ltr'>in</span> <span class='ocrx_word' id='word_1_301' title='bbox 1565 278 1645 299; x_wconf 92' lang='lat' dir='ltr'>eum</span> 
     </span>
     <span class='ocr_line' id='line_1_66' title="bbox 965 312 1645 356; baseline 0 -11"><span class='ocrx_word' id='word_1_302' title='bbox 965 324 1102 356; x_wconf 85' lang='lat' dir='ltr'>parans,</span> <span class='ocrx_word' id='word_1_303' title='bbox 1136 319 1275 356; x_wconf 84' lang='lat' dir='ltr'>accepta</span> <span class='ocrx_word' id='word_1_304' title='bbox 1311 312 1456 355; x_wconf 80' lang='lat' dir='ltr'>pecunia</span> <span class='ocrx_word' id='word_1_305' title='bbox 1489 312 1645 356; x_wconf 77' lang='lat' dir='ltr'>placatus</span> 
     </span>
     <span class='ocr_line' id='line_1_67' title="bbox 967 360 1431 408; baseline 0 0"><span class='ocrx_word' id='word_1_306' title='bbox 967 360 1114 402; x_wconf 40' lang='grc'><strong>784117-</strong></span> <span class='ocrx_word' id='word_1_307' title='bbox 1213 403 1243 408; x_wconf 88' lang='grc'>..</span> <span class='ocrx_word' id='word_1_308' title='bbox 1299 403 1304 408; x_wconf 91' lang='grc'><strong>.</strong></span> <span class='ocrx_word' id='word_1_309' title='bbox 1426 403 1431 408; x_wconf 91' lang='grc'><strong>.</strong></span> 
     </span>
    </p>

    <p class='ocr_par' dir='ltr' id='par_1_22' title="bbox 922 403 1645 493">
     <span class='ocr_line' id='line_1_68' title="bbox 922 403 1645 449; baseline 0.001 -12"><span class='ocrx_word' id='word_1_310' title='bbox 922 405 1128 437; x_wconf 84' lang='lat' dir='ltr'>Demaratus</span> <span class='ocrx_word' id='word_1_311' title='bbox 1159 403 1306 447; x_wconf 84' lang='lat' dir='ltr'>Phihppi</span> <span class='ocrx_word' id='word_1_312' title='bbox 1341 403 1519 437; x_wconf 84' lang='lat' dir='ltr'>studiosus</span> <span class='ocrx_word' id='word_1_313' title='bbox 1551 405 1645 449; x_wconf 88' lang='lat' dir='ltr'>apud</span> 
     </span>
     <span class='ocr_line' id='line_1_69' title="bbox 966 450 1334 493; baseline -0.003 -10"><span class='ocrx_word' id='word_1_314' title='bbox 966 450 1167 483; x_wconf 84' lang='lat' dir='ltr'>Corinthios</span> <span class='ocrx_word' id='word_1_315' title='bbox 1186 460 1265 493; x_wconf 84' lang='lat'>324,</span> <span class='ocrx_word' id='word_1_316' title='bbox 1283 461 1334 490; x_wconf 82' lang='lat'>14.</span> 
     </span>
    </p>

    <p class='ocr_par' dir='ltr' id='par_1_23' title="bbox 923 496 1644 633">
     <span class='ocr_line' id='line_1_70' title="bbox 923 496 1643 538; baseline 0.001 -9"><span class='ocrx_word' id='word_1_317' title='bbox 923 497 1128 529; x_wconf 89' lang='lat' dir='ltr'>Demaretus</span> <span class='ocrx_word' id='word_1_318' title='bbox 1147 496 1354 538; x_wconf 76' lang='grc' dir='ltr'>(Δημάρετος</span> <span class='ocrx_word' id='word_1_319' title='bbox 1373 507 1451 528; x_wconf 82' lang='grc'><strong>011111</strong></span> <span class='ocrx_word' id='word_1_320' title='bbox 1472 508 1542 529; x_wconf 82' lang='lat' dir='ltr'>var.</span> <span class='ocrx_word' id='word_1_321' title='bbox 1566 497 1643 530; x_wconf 90' lang='lat' dir='ltr'>lect.</span> 
     </span>
     <span class='ocr_line' id='line_1_71' title="bbox 965 541 1644 585; baseline 0.001 -10"><span class='ocrx_word' id='word_1_322' title='bbox 965 543 1190 585; x_wconf 80' lang='grc' dir='ltr'><strong>Δημάρατος),</strong></span> <span class='ocrx_word' id='word_1_323' title='bbox 1208 541 1436 575; x_wconf 80' lang='lat' dir='ltr'>Aristaechmi</span> <span class='ocrx_word' id='word_1_324' title='bbox 1456 542 1644 576; x_wconf 81' lang='lat' dir='ltr'>liberorum</span> 
     </span>
     <span class='ocr_line' id='line_1_72' title="bbox 964 589 1225 633; baseline -0.008 -11"><span class='ocrx_word' id='word_1_325' title='bbox 964 595 1059 622; x_wconf 89' lang='lat' dir='ltr'>tutor</span> <span class='ocrx_word' id='word_1_326' title='bbox 1076 589 1157 633; x_wconf 82' lang='grc'><strong>987,</strong></span> <span class='ocrx_word' id='word_1_327' title='bbox 1175 590 1225 621; x_wconf 81' lang='grc'>18.</span> 
     </span>
    </p>

    <p class='ocr_par' dir='ltr' id='par_1_24' title="bbox 921 633 1645 862">
     <span class='ocr_line' id='line_1_73' title="bbox 921 633 1643 678; baseline 0 -10"><span class='ocrx_word' id='word_1_328' title='bbox 921 635 1044 670; x_wconf 83' lang='grc'><strong>1)01110,</strong></span> <span class='ocrx_word' id='word_1_329' title='bbox 1058 641 1203 678; x_wconf 85' lang='lat' dir='ltr'>patruus</span> <span class='ocrx_word' id='word_1_330' title='bbox 1220 633 1466 667; x_wconf 78' lang='lat' dir='ltr'>Demosthenis</span> <span class='ocrx_word' id='word_1_331' title='bbox 1485 635 1643 675; x_wconf 75' lang='lat' dir='ltr'>oratoris,</span> 
     </span>
     <span class='ocr_line' id='line_1_74' title="bbox 966 680 1645 725; baseline 0.001 -12"><span class='ocrx_word' id='word_1_332' title='bbox 966 687 1061 724; x_wconf 85' lang='lat' dir='ltr'>pater</span> <span class='ocrx_word' id='word_1_333' title='bbox 1086 681 1177 713; x_wconf 85' lang='lat' dir='ltr'>illius</span> <span class='ocrx_word' id='word_1_334' title='bbox 1207 680 1474 723; x_wconf 86' lang='lat' dir='ltr'>Demophontis,</span> <span class='ocrx_word' id='word_1_335' title='bbox 1496 681 1554 725; x_wconf 86' lang='lat' dir='ltr'>qui</span> <span class='ocrx_word' id='word_1_336' title='bbox 1580 681 1645 714; x_wconf 88' lang='lat' dir='ltr'>suit</span> 
     </span>
     <span class='ocr_line' id='line_1_75' title="bbox 964 726 1643 769; baseline 0.001 -10"><span class='ocrx_word' id='word_1_337' title='bbox 964 727 999 760; x_wconf 92' lang='lat' dir='ltr'>in</span> <span class='ocrx_word' id='word_1_338' title='bbox 1030 726 1204 759; x_wconf 84' lang='lat' dir='ltr'>tutoribus</span> <span class='ocrx_word' id='word_1_339' title='bbox 1235 726 1366 769; x_wconf 68' lang='lat' dir='ltr'>parvuli</span> <span class='ocrx_word' id='word_1_340' title='bbox 1399 726 1643 760; x_wconf 79' lang='lat' dir='ltr'>Demosthenis</span> 
     </span>
     <span class='ocr_line' id='line_1_76' title="bbox 964 772 1643 814; baseline 0.003 -9"><span class='ocrx_word' id='word_1_341' title='bbox 964 774 1113 814; x_wconf 83' lang='grc'><strong>840,10.</strong></span> <span class='ocrx_word' id='word_1_342' title='bbox 1165 784 1323 805; x_wconf 75' lang='lat' dir='ltr'>caussam</span> <span class='ocrx_word' id='word_1_343' title='bbox 1357 772 1443 805; x_wconf 81' lang='lat' dir='ltr'>dixit</span> <span class='ocrx_word' id='word_1_344' title='bbox 1476 772 1643 807; x_wconf 79' lang='lat' dir='ltr'>adversus</span> 
     </span>
     <span class='ocr_line' id='line_1_77' title="bbox 966 818 1366 862; baseline 0 -11"><span class='ocrx_word' id='word_1_345' title='bbox 966 818 1193 851; x_wconf 83' lang='lat' dir='ltr'>Zenothemin</span> <span class='ocrx_word' id='word_1_346' title='bbox 1214 820 1292 855; x_wconf 74' lang='grc'><strong>881,</strong></span> <span class='ocrx_word' id='word_1_347' title='bbox 1314 828 1366 862; x_wconf 91' lang='grc'>27.</span> 
     </span>
    </p>

    <p class='ocr_par' dir='ltr' id='par_1_25' title="bbox 920 864 1644 999">
     <span class='ocr_line' id='line_1_78' title="bbox 920 864 1643 903; baseline -0.001 -6"><span class='ocrx_word' id='word_1_348' title='bbox 920 864 1167 903; x_wconf 77' lang='lat' dir='ltr'>Demochares,</span> <span class='ocrx_word' id='word_1_349' title='bbox 1195 864 1463 903; x_wconf 82' lang='lat' dir='ltr'>Leucono&#39;e&#39;nsis,</span> <span class='ocrx_word' id='word_1_350' title='bbox 1490 875 1643 897; x_wconf 81' lang='lat' dir='ltr'>sororem</span> 
     </span>
     <span class='ocr_line' id='line_1_79' title="bbox 963 910 1644 944; baseline -0.001 -1"><span class='ocrx_word' id='word_1_351' title='bbox 963 911 1083 944; x_wconf 73' lang='lat' dir='ltr'>mitris</span> <span class='ocrx_word' id='word_1_352' title='bbox 1103 910 1375 943; x_wconf 85' lang='lat' dir='ltr'>Demosthenis</span> <span class='ocrx_word' id='word_1_353' title='bbox 1370 922 1404 943; x_wconf 93' lang='lat' dir='ltr'>1n</span> <span class='ocrx_word' id='word_1_354' title='bbox 1423 910 1644 943; x_wconf 86' lang='lat' dir='ltr'>matrimonio</span> 
     </span>
     <span class='ocr_line' id='line_1_80' title="bbox 964 955 1414 999; baseline 0 -10"><span class='ocrx_word' id='word_1_355' title='bbox 964 955 1414 999; x_wconf 66' lang='grc'><strong>113001)31818,3.836,3.</strong></span> 
     </span>
    </p>

    <p class='ocr_par' dir='ltr' id='par_1_26' title="bbox 919 1002 1643 1093">
     <span class='ocr_line' id='line_1_81' title="bbox 919 1002 1643 1046; baseline -0.003 -10"><span class='ocrx_word' id='word_1_356' title='bbox 919 1003 1166 1041; x_wconf 87' lang='lat' dir='ltr'>Demochares,</span> <span class='ocrx_word' id='word_1_357' title='bbox 1215 1002 1432 1035; x_wconf 88' lang='lat' dir='ltr'>l&#39;aeaniensis</span> <span class='ocrx_word' id='word_1_358' title='bbox 1456 1011 1554 1046; x_wconf 90' lang='grc'><strong>1145</strong></span> <span class='ocrx_word' id='word_1_359' title='bbox 1589 1012 1643 1035; x_wconf 89' lang='lat'>21.</span> 
     </span>
     <span class='ocr_line' id='line_1_82' title="bbox 969 1049 1333 1093; baseline -0.003 -11"><span class='ocrx_word' id='word_1_360' title='bbox 969 1058 1136 1093; x_wconf 85' lang='lat'>1147,11.</span> <span class='ocrx_word' id='word_1_361' title='bbox 1160 1049 1258 1090; x_wconf 88' lang='grc'><strong>1148,</strong></span> <span class='ocrx_word' id='word_1_362' title='bbox 1279 1059 1333 1081; x_wconf 90' lang='grc'>22.</span> 
     </span>
    </p>

    <p class='ocr_par' dir='ltr' id='par_1_27' title="bbox 919 1093 1645 1323">
     <span class='ocr_line' id='line_1_83' title="bbox 919 1093 1644 1139; baseline -0.003 -11"><span class='ocrx_word' id='word_1_363' title='bbox 919 1095 1174 1128; x_wconf 87' lang='lat' dir='ltr'>Democharem</span> <span class='ocrx_word' id='word_1_364' title='bbox 1201 1094 1441 1139; x_wconf 85' lang='lat' dir='ltr'>nescioquem</span> <span class='ocrx_word' id='word_1_365' title='bbox 1468 1093 1581 1127; x_wconf 83' lang='lat' dir='ltr'>caedis</span> <span class='ocrx_word' id='word_1_366' title='bbox 1610 1094 1644 1126; x_wconf 91' lang='lat' dir='ltr'>in</span> 
     </span>
     <span class='ocr_line' id='line_1_84' title="bbox 964 1140 1644 1183; baseline -0.001 -9"><span class='ocrx_word' id='word_1_367' title='bbox 964 1141 1068 1174; x_wconf 86' lang='lat' dir='ltr'>fratre</span> <span class='ocrx_word' id='word_1_368' title='bbox 1095 1141 1299 1174; x_wconf 85' lang='lat' dir='ltr'>l&#39;heocrinis</span> <span class='ocrx_word' id='word_1_369' title='bbox 1333 1140 1538 1174; x_wconf 79' lang='lat' dir='ltr'>commissae</span> <span class='ocrx_word' id='word_1_370' title='bbox 1568 1152 1644 1183; x_wconf 90' lang='lat' dir='ltr'>per-</span> 
     </span>
     <span class='ocr_line' id='line_1_85' title="bbox 965 1186 1645 1237; baseline -0.001 -17"><span class='ocrx_word' id='word_1_371' title='bbox 965 1188 1047 1220; x_wconf 88' lang='lat' dir='ltr'>emti</span> <span class='ocrx_word' id='word_1_372' title='bbox 1085 1187 1188 1220; x_wconf 85' lang='lat' dir='ltr'>frater</span> <span class='ocrx_word' id='word_1_373' title='bbox 1225 1186 1460 1224; x_wconf 84' lang='lat' dir='ltr'>insimulabat,</span> <span class='ocrx_word' id='word_1_374' title='bbox 1495 1198 1645 1237; x_wconf 81' lang='lat' dir='ltr'>eumque</span> 
     </span>
     <span class='ocr_line' id='line_1_86' title="bbox 965 1233 1644 1278; baseline -0.001 -12"><span class='ocrx_word' id='word_1_375' title='bbox 965 1233 1059 1278; x_wconf 88' lang='lat' dir='ltr'>apud</span> <span class='ocrx_word' id='word_1_376' title='bbox 1074 1234 1298 1277; x_wconf 84' lang='lat' dir='ltr'>Areopagum</span> <span class='ocrx_word' id='word_1_377' title='bbox 1316 1239 1561 1266; x_wconf 74' lang='lat' dir='ltr'>accusuurum</span> <span class='ocrx_word' id='word_1_378' title='bbox 1579 1244 1644 1265; x_wconf 83' lang='lat' dir='ltr'>rni-</span> 
     </span>
     <span class='ocr_line' id='line_1_87' title="bbox 965 1279 1281 1323; baseline 0 -11"><span class='ocrx_word' id='word_1_379' title='bbox 965 1279 1115 1313; x_wconf 86' lang='lat' dir='ltr'>nabatur</span> <span class='ocrx_word' id='word_1_380' title='bbox 1132 1291 1231 1323; x_wconf 87' lang='grc'><strong>1331,</strong></span> <span class='ocrx_word' id='word_1_381' title='bbox 1252 1288 1281 1322; x_wconf 93' lang='grc'>7.</span> 
     </span>
    </p>

    <p class='ocr_par' dir='ltr' id='par_1_28' title="bbox 920 1324 1645 1462">
     <span class='ocr_line' id='line_1_88' title="bbox 920 1324 1644 1359; baseline -0.001 -1"><span class='ocrx_word' id='word_1_382' title='bbox 920 1325 1122 1359; x_wconf 87' lang='lat' dir='ltr'>Democlem</span> <span class='ocrx_word' id='word_1_383' title='bbox 1140 1325 1348 1359; x_wconf 87' lang='lat' dir='ltr'>denunciare</span> <span class='ocrx_word' id='word_1_384' title='bbox 1367 1325 1551 1358; x_wconf 89' lang='lat' dir='ltr'>instituens</span> <span class='ocrx_word' id='word_1_385' title='bbox 1567 1324 1644 1357; x_wconf 87' lang='lat' dir='ltr'>Ari-</span> 
     </span>
     <span class='ocr_line' id='line_1_89' title="bbox 965 1370 1645 1416; baseline 0 -12"><span class='ocrx_word' id='word_1_386' title='bbox 965 1372 1118 1416; x_wconf 80' lang='lat' dir='ltr'>stogiton</span> <span class='ocrx_word' id='word_1_387' title='bbox 1152 1383 1294 1405; x_wconf 83' lang='lat' dir='ltr'>aversus</span> <span class='ocrx_word' id='word_1_388' title='bbox 1336 1371 1481 1415; x_wconf 88' lang='lat' dir='ltr'>pecunia</span> <span class='ocrx_word' id='word_1_389' title='bbox 1515 1370 1645 1404; x_wconf 88' lang='lat' dir='ltr'>destitit</span> 
     </span>
     <span class='ocr_line' id='line_1_90' title="bbox 968 1418 1119 1462; baseline -0.007 -11"><span class='ocrx_word' id='word_1_390' title='bbox 968 1418 1045 1462; x_wconf 74' lang='grc'><strong>784,</strong></span> <span class='ocrx_word' id='word_1_391' title='bbox 1065 1429 1119 1451; x_wconf 91' lang='grc'>22.</span> 
     </span>
    </p>

    <p class='ocr_par' dir='ltr' id='par_1_29' title="bbox 920 1462 1644 1785">
     <span class='ocr_line' id='line_1_91' title="bbox 920 1462 1643 1507; baseline -0.001 -11"><span class='ocrx_word' id='word_1_392' title='bbox 920 1463 1157 1503; x_wconf 87' lang='lat' dir='ltr'>Democrates,</span> <span class='ocrx_word' id='word_1_393' title='bbox 1197 1463 1331 1507; x_wconf 82' lang='lat' dir='ltr'>Sophili</span> <span class='ocrx_word' id='word_1_394' title='bbox 1367 1463 1404 1497; x_wconf 85' lang='lat' dir='ltr'>f..</span> <span class='ocrx_word' id='word_1_395' title='bbox 1448 1462 1643 1507; x_wconf 83' lang='lat' dir='ltr'>Phlyensis,</span> 
     </span>
     <span class='ocr_line' id='line_1_92' title="bbox 965 1509 1643 1553; baseline 0 -11"><span class='ocrx_word' id='word_1_396' title='bbox 965 1521 1045 1542; x_wconf 90' lang='lat' dir='ltr'>cum</span> <span class='ocrx_word' id='word_1_397' title='bbox 1075 1510 1147 1543; x_wconf 86' lang='lat' dir='ltr'>aliis</span> <span class='ocrx_word' id='word_1_398' title='bbox 1172 1509 1294 1553; x_wconf 84' lang='lat' dir='ltr'>legatis</span> <span class='ocrx_word' id='word_1_399' title='bbox 1320 1509 1468 1542; x_wconf 89' lang='lat' dir='ltr'>mittitur</span> <span class='ocrx_word' id='word_1_400' title='bbox 1493 1509 1537 1542; x_wconf 87' lang='lat' dir='ltr'>ad</span> <span class='ocrx_word' id='word_1_401' title='bbox 1563 1509 1643 1542; x_wconf 89' lang='lat' dir='ltr'>Phi-</span> 
     </span>
     <span class='ocr_line' id='line_1_93' title="bbox 964 1555 1644 1600; baseline 0 -12"><span class='ocrx_word' id='word_1_402' title='bbox 964 1556 1099 1600; x_wconf 87' lang='lat' dir='ltr'>lippum</span> <span class='ocrx_word' id='word_1_403' title='bbox 1123 1556 1329 1590; x_wconf 83' lang='lat' dir='ltr'>sacramenti</span> <span class='ocrx_word' id='word_1_404' title='bbox 1354 1555 1396 1588; x_wconf 87' lang='lat' dir='ltr'>ab</span> <span class='ocrx_word' id='word_1_405' title='bbox 1420 1567 1459 1588; x_wconf 90' lang='lat' dir='ltr'>eo</span> <span class='ocrx_word' id='word_1_406' title='bbox 1483 1555 1644 1596; x_wconf 74' lang='lat' dir='ltr'>existendi</span> 
     </span>
     <span class='ocr_line' id='line_1_94' title="bbox 964 1584 1640 1653; baseline -0.001 -18"><span class='ocrx_word' id='word_1_407' title='bbox 964 1614 1048 1645; x_wconf 80' lang='lat' dir='ltr'>eigo</span> <span class='ocrx_word' id='word_1_408' title='bbox 1067 1612 1145 1653; x_wconf 79' lang='lat'>235,</span> <span class='ocrx_word' id='word_1_409' title='bbox 1164 1604 1195 1635; x_wconf 90' lang='grc'>8.</span> <span class='ocrx_word' id='word_1_410' title='bbox 1228 1602 1294 1634; x_wconf 84' lang='lat' dir='ltr'>fuit</span> <span class='ocrx_word' id='word_1_411' title='bbox 1316 1613 1386 1635; x_wconf 92' lang='lat' dir='ltr'>una</span> <span class='ocrx_word' id='word_1_412' title='bbox 1410 1613 1490 1634; x_wconf 86' lang='grc'><strong>011111</strong></span> <span class='ocrx_word' id='word_1_413' title='bbox 1512 1584 1640 1634; x_wconf 87' lang='lat' dir='ltr'>Demo-</span> 
     </span>
     <span class='ocr_line' id='line_1_95' title="bbox 964 1647 1643 1691; baseline -0.001 -10"><span class='ocrx_word' id='word_1_414' title='bbox 964 1648 1085 1681; x_wconf 86' lang='lat' dir='ltr'>sthene</span> <span class='ocrx_word' id='word_1_415' title='bbox 1112 1660 1146 1681; x_wconf 88' lang='lat' dir='ltr'>1n</span> <span class='ocrx_word' id='word_1_416' title='bbox 1168 1648 1290 1691; x_wconf 84' lang='lat' dir='ltr'>legatis</span> <span class='ocrx_word' id='word_1_417' title='bbox 1307 1647 1350 1680; x_wconf 89' lang='lat' dir='ltr'>ad</span> <span class='ocrx_word' id='word_1_418' title='bbox 1368 1647 1554 1680; x_wconf 88' lang='lat' dir='ltr'>&#39;lhebanos</span> <span class='ocrx_word' id='word_1_419' title='bbox 1572 1648 1643 1680; x_wconf 92' lang='lat' dir='ltr'>foe-</span> 
     </span>
     <span class='ocr_line' id='line_1_96' title="bbox 964 1693 1643 1738; baseline -0.001 -11"><span class='ocrx_word' id='word_1_420' title='bbox 964 1693 1054 1727; x_wconf 91' lang='lat' dir='ltr'>deris</span> <span class='ocrx_word' id='word_1_421' title='bbox 1069 1706 1151 1737; x_wconf 76' lang='lat' dir='ltr'>ergo</span> <span class='ocrx_word' id='word_1_422' title='bbox 1165 1694 1231 1728; x_wconf 81' lang='lat' dir='ltr'>adv</span> <span class='ocrx_word' id='word_1_423' title='bbox 1234 1705 1332 1727; x_wconf 88' lang='lat' dir='ltr'>ersus</span> <span class='ocrx_word' id='word_1_424' title='bbox 1347 1693 1546 1738; x_wconf 89' lang='lat' dir='ltr'>Philippum</span> <span class='ocrx_word' id='word_1_425' title='bbox 1559 1705 1643 1727; x_wconf 86' lang='lat' dir='ltr'>con-</span> 
     </span>
     <span class='ocr_line' id='line_1_97' title="bbox 964 1740 1252 1785; baseline 0.007 -12"><span class='ocrx_word' id='word_1_426' title='bbox 964 1740 1103 1774; x_wconf 86' lang='lat' dir='ltr'>ciliandi</span> <span class='ocrx_word' id='word_1_427' title='bbox 1123 1751 1200 1785; x_wconf 86' lang='lat'>291,</span> <span class='ocrx_word' id='word_1_428' title='bbox 1222 1749 1252 1784; x_wconf 92' lang='grc'>7.</span> 
     </span>
    </p>

    <p class='ocr_par' dir='ltr' id='par_1_30' title="bbox 918 1785 1643 1865">
     <span class='ocr_line' id='line_1_98' title="bbox 918 1785 1643 1830; baseline 0 -11"><span class='ocrx_word' id='word_1_429' title='bbox 918 1786 1193 1826; x_wconf 84' lang='lat' dir='ltr'>Democratides,</span> <span class='ocrx_word' id='word_1_430' title='bbox 1229 1792 1325 1830; x_wconf 87' lang='lat' dir='ltr'>pater</span> <span class='ocrx_word' id='word_1_431' title='bbox 1368 1785 1530 1830; x_wconf 84' lang='lat' dir='ltr'>Dionysii</span> <span class='ocrx_word' id='word_1_432' title='bbox 1561 1796 1643 1830; x_wconf 88' lang='lat'>929,</span> 
     </span>
     <span class='ocr_line' id='line_1_99' title="bbox 966 1832 1019 1865; baseline 0 0"><span class='ocrx_word' id='word_1_433' title='bbox 966 1832 1019 1865; x_wconf 91' lang='grc'>26.</span> 
     </span>
    </p>

    <p class='ocr_par' dir='ltr' id='par_1_31' title="bbox 918 1877 1643 2061">
     <span class='ocr_line' id='line_1_100' title="bbox 918 1877 1643 1922; baseline -0.001 -11"><span class='ocrx_word' id='word_1_434' title='bbox 918 1878 1153 1918; x_wconf 90' lang='lat' dir='ltr'>Democritus,</span> <span class='ocrx_word' id='word_1_435' title='bbox 1189 1877 1447 1922; x_wconf 88' lang='lat' dir='ltr'>Demophontis</span> <span class='ocrx_word' id='word_1_436' title='bbox 1480 1877 1516 1915; x_wconf 92' lang='lat' dir='ltr'>f,</span> <span class='ocrx_word' id='word_1_437' title='bbox 1547 1878 1643 1911; x_wconf 85' lang='lat' dir='ltr'>A-na</span> 
     </span>
     <span class='ocr_line' id='line_1_101' title="bbox 963 1903 1642 1969; baseline -0.001 -11"><span class='ocrx_word' id='word_1_438' title='bbox 963 1925 1134 1969; x_wconf 85' lang='lat' dir='ltr'>gyrasius,</span> <span class='ocrx_word' id='word_1_439' title='bbox 1158 1936 1237 1957; x_wconf 90' lang='lat' dir='ltr'>cum</span> <span class='ocrx_word' id='word_1_440' title='bbox 1268 1925 1341 1956; x_wconf 82' lang='lat' dir='ltr'>aliis</span> <span class='ocrx_word' id='word_1_441' title='bbox 1369 1923 1412 1957; x_wconf 90' lang='lat' dir='ltr'>ad</span> <span class='ocrx_word' id='word_1_442' title='bbox 1440 1903 1642 1967; x_wconf 89' lang='lat' dir='ltr'>Philippum</span> 
     </span>
     <span class='ocr_line' id='line_1_102' title="bbox 963 1969 1643 2015; baseline -0.001 -12"><span class='ocrx_word' id='word_1_443' title='bbox 963 1971 1092 2004; x_wconf 87' lang='lat' dir='ltr'>missus</span> <span class='ocrx_word' id='word_1_444' title='bbox 1111 1982 1176 2004; x_wconf 75' lang='lat' dir='ltr'>n‘u</span> <span class='ocrx_word' id='word_1_445' title='bbox 1180 1982 1252 2003; x_wconf 90' lang='grc'><strong>111111</strong></span> <span class='ocrx_word' id='word_1_446' title='bbox 1276 1969 1542 2014; x_wconf 86' lang='lat' dir='ltr'>repetendarum</span> <span class='ocrx_word' id='word_1_447' title='bbox 1560 1981 1643 2015; x_wconf 86' lang='lat' dir='ltr'>ergo</span> 
     </span>
     <span class='ocr_line' id='line_1_103' title="bbox 965 2026 1114 2061; baseline 0.007 -12"><span class='ocrx_word' id='word_1_448' title='bbox 965 2027 1043 2061; x_wconf 85' lang='lat'>250,</span> <span class='ocrx_word' id='word_1_449' title='bbox 1062 2026 1114 2057; x_wconf 84' lang='lat'>15.</span> 
     </span>
    </p>

    <p class='ocr_par' dir='ltr' id='par_1_32' title="bbox 918 2061 1643 2245">
     <span class='ocr_line' id='line_1_104' title="bbox 918 2061 1643 2106; baseline -0.003 -10"><span class='ocrx_word' id='word_1_450' title='bbox 918 2062 1139 2096; x_wconf 87' lang='lat' dir='ltr'>Demomeles</span> <span class='ocrx_word' id='word_1_451' title='bbox 1165 2074 1236 2095; x_wconf 87' lang='grc'><strong>11113</strong></span> <span class='ocrx_word' id='word_1_452' title='bbox 1261 2073 1340 2095; x_wconf 88' lang='grc'><strong>011111</strong></span> <span class='ocrx_word' id='word_1_453' title='bbox 1361 2061 1538 2106; x_wconf 87' lang='lat' dir='ltr'>Hyperide</span> <span class='ocrx_word' id='word_1_454' title='bbox 1559 2061 1643 2095; x_wconf 91' lang='lat' dir='ltr'>sub-</span> 
     </span>
     <span class='ocr_line' id='line_1_105' title="bbox 964 2107 1643 2153; baseline -0.001 -11"><span class='ocrx_word' id='word_1_455' title='bbox 964 2109 1111 2152; x_wconf 85' lang='lat' dir='ltr'>scriptor</span> <span class='ocrx_word' id='word_1_456' title='bbox 1152 2108 1341 2153; x_wconf 80' lang='lat' dir='ltr'>rogationis</span> <span class='ocrx_word' id='word_1_457' title='bbox 1376 2108 1564 2141; x_wconf 80' lang='lat' dir='ltr'>Aristonici</span> <span class='ocrx_word' id='word_1_458' title='bbox 1601 2107 1643 2141; x_wconf 94' lang='lat' dir='ltr'>de</span> 
     </span>
     <span class='ocr_line' id='line_1_106' title="bbox 964 2153 1643 2188; baseline -0.001 0"><span class='ocrx_word' id='word_1_459' title='bbox 964 2167 1092 2188; x_wconf 85' lang='lat' dir='ltr'>corona</span> <span class='ocrx_word' id='word_1_460' title='bbox 1126 2166 1229 2188; x_wconf 87' lang='lat' dir='ltr'>aurea</span> <span class='ocrx_word' id='word_1_461' title='bbox 1262 2153 1493 2188; x_wconf 87' lang='lat' dir='ltr'>Demostheni</span> <span class='ocrx_word' id='word_1_462' title='bbox 1527 2153 1643 2187; x_wconf 89' lang='lat' dir='ltr'>decer-</span> 
     </span>
     <span class='ocr_line' id='line_1_107' title="bbox 963 2201 1248 2245; baseline 0 -11"><span class='ocrx_word' id='word_1_463' title='bbox 963 2201 1078 2234; x_wconf 88' lang='lat' dir='ltr'>nenda</span> <span class='ocrx_word' id='word_1_464' title='bbox 1095 2212 1174 2245; x_wconf 83' lang='lat'>302,</span> <span class='ocrx_word' id='word_1_465' title='bbox 1194 2211 1248 2244; x_wconf 89' lang='lat'>25.</span> 
     </span>
    </p>

    <p class='ocr_par' dir='ltr' id='par_1_33' title="bbox 918 2245 1644 2419">
     <span class='ocr_line' id='line_1_108' title="bbox 918 2245 1643 2287; baseline -0.003 -6"><span class='ocrx_word' id='word_1_466' title='bbox 918 2248 1151 2287; x_wconf 87' lang='lat' dir='ltr'>Demomeles,</span> <span class='ocrx_word' id='word_1_467' title='bbox 1186 2246 1401 2280; x_wconf 88' lang='lat' dir='ltr'>necessarius</span> <span class='ocrx_word' id='word_1_468' title='bbox 1434 2245 1643 2279; x_wconf 90' lang='lat' dir='ltr'>Demosthe-</span> 
     </span>
     <span class='ocr_line' id='line_1_109' title="bbox 963 2292 1643 2336; baseline -0.001 -10"><span class='ocrx_word' id='word_1_469' title='bbox 963 2294 1029 2332; x_wconf 87' lang='lat' dir='ltr'>nis,</span> <span class='ocrx_word' id='word_1_470' title='bbox 1048 2293 1139 2326; x_wconf 87' lang='lat' dir='ltr'>filius</span> <span class='ocrx_word' id='word_1_471' title='bbox 1161 2293 1343 2331; x_wconf 88' lang='lat' dir='ltr'>Demonis,</span> <span class='ocrx_word' id='word_1_472' title='bbox 1366 2292 1421 2326; x_wconf 89' lang='grc'><strong>0111</strong></span> <span class='ocrx_word' id='word_1_473' title='bbox 1447 2298 1542 2336; x_wconf 90' lang='lat' dir='ltr'>pater</span> <span class='ocrx_word' id='word_1_474' title='bbox 1567 2304 1643 2325; x_wconf 90' lang='lat' dir='ltr'>ora-</span> 
     </span>
     <span class='ocr_line' id='line_1_110' title="bbox 963 2338 1644 2373; baseline -0.003 0"><span class='ocrx_word' id='word_1_475' title='bbox 963 2340 1047 2373; x_wconf 83' lang='lat' dir='ltr'>toris</span> <span class='ocrx_word' id='word_1_476' title='bbox 1078 2339 1227 2373; x_wconf 88' lang='lat' dir='ltr'>sedecim</span> <span class='ocrx_word' id='word_1_477' title='bbox 1256 2339 1368 2372; x_wconf 88' lang='lat' dir='ltr'>minas</span> <span class='ocrx_word' id='word_1_478' title='bbox 1395 2345 1520 2372; x_wconf 91' lang='lat' dir='ltr'>mutuo</span> <span class='ocrx_word' id='word_1_479' title='bbox 1549 2338 1644 2372; x_wconf 88' lang='lat' dir='ltr'>dedit</span> 
     </span>
     <span class='ocr_line' id='line_1_111' title="bbox 964 2385 1111 2419; baseline -0.007 0"><span class='ocrx_word' id='word_1_480' title='bbox 964 2385 1032 2419; x_wconf 88' lang='grc'>816</span> <span class='ocrx_word' id='word_1_481' title='bbox 1050 2387 1111 2419; x_wconf 87' lang='lat' dir='ltr'>ult.</span> 
     </span>
    </p>

    <p class='ocr_par' dir='ltr' id='par_1_34' title="bbox 919 2431 1643 2521">
     <span class='ocr_line' id='line_1_112' title="bbox 919 2431 1643 2471; baseline -0.003 -6"><span class='ocrx_word' id='word_1_482' title='bbox 919 2432 1148 2471; x_wconf 83' lang='lat' dir='ltr'>Demonicus,</span> <span class='ocrx_word' id='word_1_483' title='bbox 1179 2431 1436 2470; x_wconf 80' lang='lat' dir='ltr'>Marathonius,</span> <span class='ocrx_word' id='word_1_484' title='bbox 1468 2442 1486 2463; x_wconf 87' lang='lat' dir='ltr'>e</span> <span class='ocrx_word' id='word_1_485' title='bbox 1521 2436 1643 2463; x_wconf 86' lang='lat' dir='ltr'>senatu</span> 
     </span>
     <span class='ocr_line' id='line_1_113' title="bbox 964 2476 1355 2522; baseline -0.003 -11.978"><span class='ocrx_word' id='word_1_486' title='bbox 964 2478 1208 2522; x_wconf 79' lang='lat' dir='ltr'>Areopagitico</span> <span class='ocrx_word' id='word_1_487' title='bbox 1228 2486 1306 2520; x_wconf 89' lang='grc'><strong>272,</strong></span> <span class='ocrx_word' id='word_1_488' title='bbox 1323 2476 1355 2509; x_wconf 91' lang='lat'>6.</span> 
     </span>
    </p>

    <p class='ocr_par' dir='ltr' id='par_1_35' title="bbox 920 2520 1642 2613">
     <span class='ocr_line' id='line_1_114' title="bbox 920 2520 1642 2567; baseline -0.003 -11"><span class='ocrx_word' id='word_1_489' title='bbox 920 2523 1147 2562; x_wconf 77' lang='lat' dir='ltr'>Demonicus,</span> <span class='ocrx_word' id='word_1_490' title='bbox 1160 2523 1353 2567; x_wconf 81' lang='lat' dir='ltr'>Phlyensis,</span> <span class='ocrx_word' id='word_1_491' title='bbox 1366 2521 1510 2555; x_wconf 90' lang='lat' dir='ltr'>Archon</span> <span class='ocrx_word' id='word_1_492' title='bbox 1522 2520 1642 2565; x_wconf 86' lang='lat' dir='ltr'>[pseu-</span> 
     </span>
     <span class='ocr_line' id='line_1_115' title="bbox 966 2567 1348 2613; baseline -0.005 -11"><span class='ocrx_word' id='word_1_493' title='bbox 966 2567 1201 2613; x_wconf 74' lang='grc' dir='ltr'><strong>ἀο110111ῃ1110]</strong></span> <span class='ocrx_word' id='word_1_494' title='bbox 1220 2567 1296 2609; x_wconf 88' lang='grc'><strong>265,</strong></span> <span class='ocrx_word' id='word_1_495' title='bbox 1316 2579 1348 2609; x_wconf 90' lang='lat'>5.</span> 
     </span>
    </p>

    <p class='ocr_par' dir='ltr' id='par_1_36' title="bbox 919 2613 1512 2659">
     <span class='ocr_line' id='line_1_116' title="bbox 919 2613 1512 2659; baseline -0.005 -11"><span class='ocrx_word' id='word_1_496' title='bbox 919 2615 1163 2659; x_wconf 84' lang='lat' dir='ltr'>Demophilus,</span> <span class='ocrx_word' id='word_1_497' title='bbox 1181 2613 1344 2657; x_wconf 86' lang='lat' dir='ltr'>trapezita</span> <span class='ocrx_word' id='word_1_498' title='bbox 1364 2624 1461 2657; x_wconf 80' lang='lat'>1031.</span> <span class='ocrx_word' id='word_1_499' title='bbox 1480 2625 1512 2657; x_wconf 87' lang='lat'>9.</span> 
     </span>
    </p>

    <p class='ocr_par' dir='ltr' id='par_1_37' title="bbox 920 2658 1643 2884">
     <span class='ocr_line' id='line_1_117' title="bbox 920 2658 1642 2704; baseline -0.004 -10"><span class='ocrx_word' id='word_1_500' title='bbox 920 2661 1033 2694; x_wconf 90' lang='lat' dir='ltr'>Demo</span> <span class='ocrx_word' id='word_1_501' title='bbox 1037 2660 1144 2704; x_wconf 76' lang='lat' dir='ltr'>plion,</span> <span class='ocrx_word' id='word_1_502' title='bbox 1164 2659 1333 2693; x_wconf 89' lang='lat' dir='ltr'>Demonis</span> <span class='ocrx_word' id='word_1_503' title='bbox 1351 2659 1388 2697; x_wconf 88' lang='lat' dir='ltr'>f.,</span> <span class='ocrx_word' id='word_1_504' title='bbox 1406 2660 1442 2692; x_wconf 91' lang='lat' dir='ltr'>in</span> <span class='ocrx_word' id='word_1_505' title='bbox 1467 2658 1642 2692; x_wconf 88' lang='lat' dir='ltr'>tutoribus</span> 
     </span>
     <span class='ocr_line' id='line_1_118' title="bbox 966 2705 1642 2748; baseline -0.003 -9"><span class='ocrx_word' id='word_1_506' title='bbox 966 2706 1215 2739; x_wconf 72' lang='lat' dir='ltr'>Demosthenis</span> <span class='ocrx_word' id='word_1_507' title='bbox 1245 2705 1384 2748; x_wconf 81' lang='lat'>814,13</span> <span class='ocrx_word' id='word_1_508' title='bbox 1435 2711 1531 2737; x_wconf 84' lang='lat' dir='ltr'>erant</span> <span class='ocrx_word' id='word_1_509' title='bbox 1560 2715 1642 2737; x_wconf 89' lang='lat' dir='ltr'>con—</span> 
     </span>
     <span class='ocr_line' id='line_1_119' title="bbox 967 2731 1643 2794; baseline -0.001 -10"><span class='ocrx_word' id='word_1_510' title='bbox 967 2752 1117 2785; x_wconf 85' lang='lat' dir='ltr'>sobrini:</span> <span class='ocrx_word' id='word_1_511' title='bbox 1143 2763 1225 2784; x_wconf 88' lang='lat' dir='ltr'>nam</span> <span class='ocrx_word' id='word_1_512' title='bbox 1244 2751 1369 2790; x_wconf 88' lang='lat' dir='ltr'>Demo,</span> <span class='ocrx_word' id='word_1_513' title='bbox 1386 2731 1643 2794; x_wconf 88' lang='lat' dir='ltr'>Demophontis</span> 
     </span>
     <span class='ocr_line' id='line_1_120' title="bbox 966 2796 1642 2842; baseline -0.001 -12"><span class='ocrx_word' id='word_1_514' title='bbox 966 2803 1074 2842; x_wconf 87' lang='lat' dir='ltr'>pater,</span> <span class='ocrx_word' id='word_1_515' title='bbox 1093 2803 1163 2830; x_wconf 88' lang='lat' dir='ltr'>erat</span> <span class='ocrx_word' id='word_1_516' title='bbox 1188 2797 1292 2830; x_wconf 86' lang='lat' dir='ltr'>frater</span> <span class='ocrx_word' id='word_1_517' title='bbox 1315 2796 1563 2829; x_wconf 88' lang='lat' dir='ltr'>Demosthenis</span> <span class='ocrx_word' id='word_1_518' title='bbox 1590 2807 1642 2829; x_wconf 88' lang='lat' dir='ltr'>se-</span> 
     </span>
     <span class='ocr_line' id='line_1_121' title="bbox 966 2843 1236 2884; baseline -0.004 -8"><span class='ocrx_word' id='word_1_519' title='bbox 966 2843 1072 2876; x_wconf 88' lang='lat' dir='ltr'>nioris</span> <span class='ocrx_word' id='word_1_520' title='bbox 1091 2843 1169 2884; x_wconf 85' lang='grc'><strong>840,</strong></span> <span class='ocrx_word' id='word_1_521' title='bbox 1186 2853 1236 2876; x_wconf 94' lang='grc'>10.</span> 
     </span>
    </p>

    <p class='ocr_par' dir='ltr' id='par_1_38' title="bbox 921 2887 1643 2980">
     <span class='ocr_line' id='line_1_122' title="bbox 921 2887 1642 2931; baseline -0.003 -9"><span class='ocrx_word' id='word_1_522' title='bbox 921 2888 1176 2922; x_wconf 86' lang='lat' dir='ltr'>Demosthenes</span> <span class='ocrx_word' id='word_1_523' title='bbox 1207 2888 1330 2927; x_wconf 88' lang='lat' dir='ltr'>senior,</span> <span class='ocrx_word' id='word_1_524' title='bbox 1361 2894 1457 2931; x_wconf 87' lang='lat' dir='ltr'>pater</span> <span class='ocrx_word' id='word_1_525' title='bbox 1485 2887 1642 2927; x_wconf 76' lang='lat' dir='ltr'>oratoris,</span> 
     </span>
     <span class='ocr_line' id='line_1_123' title="bbox 967 2933 1643 2980; baseline -0.003 -12"><span class='ocrx_word' id='word_1_526' title='bbox 967 2946 1054 2980; x_wconf 84' lang='lat' dir='ltr'>quae</span> <span class='ocrx_word' id='word_1_527' title='bbox 1072 2934 1141 2968; x_wconf 79' lang='lat' dir='ltr'>filio</span> <span class='ocrx_word' id='word_1_528' title='bbox 1158 2934 1333 2979; x_wconf 87' lang='lat' dir='ltr'>reliquerit</span> <span class='ocrx_word' id='word_1_529' title='bbox 1356 2940 1388 2967; x_wconf 88' lang='lat' dir='ltr'>et</span> <span class='ocrx_word' id='word_1_530' title='bbox 1406 2933 1583 2978; x_wconf 89' lang='lat' dir='ltr'>quomodo</span> <span class='ocrx_word' id='word_1_531' title='bbox 1602 2933 1643 2966; x_wconf 86' lang='lat' dir='ltr'>de</span> 
     </span>
    </p>
   </div>
  </div>
 </body>
</html>
