1935 3200
266 121 377 162 1878
818 121 879 160 ΙΝ
911 120 1221 161 NEAERAM.

266 226 405 274 ἑαυτὴν
429 229 509 266 τοῖς
534 224 804 274 βουλομένοις·
837 226 928 265 ὅθεν
958 226 1018 265 καὶ
1038 226 1080 264 τὸ
1108 227 1323 277 πορνεύειν,
1346 227 1440 277 ὅπερ
1462 228 1545 266 ἐστὶ
1572 226 1770 277 περνάναι.

266 282 342 332 ἐγὼ
364 281 405 320 δέ
435 286 531 331 φημι
559 282 617 319 ὅτι
646 282 777 331 κυρίως
803 281 913 330 ἔταξε
935 285 1004 320 νῦν
1029 283 1048 320 ὁ
1075 281 1197 332 ῥήτωρ
1218 281 1261 320 τὸ
1282 286 1443 321 πωλεῖν.
1476 283 1573 332 φησὶ
1601 284 1675 333 γὰρ
1705 283 1771 321 τὸν

266 338 385 386 νόμον
406 337 472 375 οὐκ
502 337 570 375 ἐᾶν
597 337 660 375 ἐπὶ
687 337 823 385 ταύτης
850 337 990 388 μοιχὸν
1017 341 1160 386 λαβεῖν
1188 338 1331 376 ὁπόσαι
1359 337 1407 376 ἂν
1437 337 1494 376 ἐπ”
1518 339 1770 388 ἐργαστηρίου

266 393 469 440 κάθωνται,
489 390 511 440 ἢ
532 393 574 431 ἐν
597 393 640 442 ’τῇ
663 393 785 444 ἀγορᾷ
806 393 969 431 πωλῶσί
990 409 1025 431 τι
1047 393 1396 443 ἀποπεφασμένως.
1461 392 1648 432 Eandem
1669 393 1770 446 legis

265 447 465 486 Soloneae
495 447 740 500 particulam
767 447 912 487 attulit
942 447 1086 500 Lysias
1116 463 1156 500 p.
1182 460 1268 500 117,
1290 460 1358 499 40.
1391 448 1635 498 ἐπανάγνωθι
1665 450 1771 488 τουτὶ

263 506 329 541 τοῦ
366 504 484 552 νόμου
519 503 561 542 τὸ
595 508 819 542 τελευταῖον
853 502 1012 543 ““Oo-ac
1045 505 1086 542 δὲ
1119 504 1378 554 πεφασμένως
1410 507 1625 542 πολοῦνται
1662 504 1769 554 (libri

262 557 446 610 plerique
476 559 812 609 πωλοῦνται)-.”
846 559 1065 610 προσέχετε
1095 559 1164 598 τὸν
1194 563 1297 598 νοῦν·
1330 559 1373 598 τὸ
1409 560 1480 607 μὲν
1510 559 1771 609 πεφασμένως

264 615 348 652 ἐστὶ
378 618 569 665 φανερῶς,
600 617 809 653 πολεῖσθαι
840 616 881 653 δὲ
911 616 1096 664 βαδίζειν.
1158 614 1370 654 Plutarch.
1396 614 1450 652 V.
1478 614 1615 653 Solon.
1644 628 1676 653 e.
1703 627 1767 668 23.

264 669 335 708 κάν
365 671 632 721 προαγωγεύῃ,
665 673 836 722 δραχμὰς
868 671 990 709 εἴκοσι
1023 671 1178 720 (ζημίαν
1210 669 1355 721 ἔταξε),
1389 670 1492 719 πλὴν
1523 671 1613 709 ὅσαι
1644 676 1769 721 πεφα-

264 725 415 774 σμένως
445 729 678 770 πωλοῦνται,
708 727 838 776 λέγων
866 725 910 774 δὴ
939 728 1005 766 τὰς
1037 727 1199 776 ἑταίρας·
1233 727 1343 765 αὗται
1375 728 1447 777 γὰρ
1477 727 1656 776 ἐμφανῶς
1683 732 1769 777 φοι-

262 785 356 820 τῶσι
386 781 480 831 πρὸς
509 782 596 822 τοὺς
626 782 809 823 διδόντας.
870 781 950 820 His
983 781 1092 821 inter
1123 796 1166 820 se
1198 781 1449 834 comparatis
1485 795 1566 819 non
1599 781 1769 821 dubium

262 850 350 876 esse
390 841 530 889 potest
566 837 664 890 quin
701 836 911 876 Heraldus
951 838 1114 876 πωλῶσί
1147 854 1180 876 τι
1220 842 1333 876 recte
1369 837 1410 876 in
1446 841 1650 876 πωλῶνται
1689 838 1767 889 (vel

261 892 400 945 potius
439 896 652 944 πωλῶνται)
695 893 931 940 mutaverit,
972 893 1095 931 modo
1145 893 1283 945 paullo
1323 893 1484 946 longius
1527 906 1768 946 progressus

262 948 389 987 etiam
430 948 529 987 illud
578 950 620 988 ἐν
659 951 702 998 τῇ
749 950 871 1001 ἀγορᾷ
917 948 1144 997 delevisset,
1187 949 1297 1002 quod
1343 949 1440 988 fecit
1482 948 1687 988 Frankius
1727 949 1768 988 in

262 1003 436 1056 Ephem.
459 1004 629 1044 Jenens.
651 1019 688 1044 a.
712 1005 831 1056 1844.
861 1019 900 1058 p.
926 1016 1021 1056 741.
1076 1004 1239 1058 Duplex
1271 1004 1378 1043 enim
1409 1005 1531 1057 hujus
1562 1003 1640 1044 loci
1671 1005 1768 1044 scri-

260 1064 385 1112 ptura
406 1060 497 1107 fuit,
519 1060 652 1100 altera
678 1059 700 1109 ἢ
729 1064 925 1099 πωλῶνται
953 1061 1226 1111 πεφασμένως,
1249 1061 1302 1099 ab
1332 1064 1510 1109 oratore,
1533 1064 1580 1099 ut
1608 1059 1765 1112 opinor,

259 1116 457 1168 profecta,
493 1116 626 1155 altera
660 1115 922 1169 interpolata,
957 1130 1063 1168 quae
1091 1116 1180 1168 jam
1213 1116 1394 1168 Didymo
1429 1116 1618 1155 fraudem
1653 1116 1765 1164 feeit,

259 1171 281 1220 ἢ
304 1173 346 1210 ἐν
371 1174 416 1225 τῇ
443 1172 566 1223 ἀγορᾷ
594 1172 758 1210 πωλῶσί
782 1188 829 1210 τι.
893 1171 1009 1210 Duas
1030 1171 1241 1224 legislator
1262 1171 1481 1224 distinguit
1502 1170 1766 1210 meretricum

260 1226 423 1274 classes,
453 1241 523 1266 eas
553 1241 658 1279 quae
685 1227 727 1265 in
756 1227 876 1266 domo
903 1227 1141 1266 meretricia
1174 1226 1247 1277 (ἐπ’
1272 1228 1546 1278 ἐργαστηρίου)
1575 1231 1765 1280 prostent

259 1286 302 1322 et
339 1297 408 1322 eas
444 1297 549 1336 quae
588 1282 628 1321 in
665 1282 738 1322 viis
773 1282 948 1335 publicis
986 1288 1214 1322 versentur.
1277 1282 1404 1336 Origo
1439 1286 1579 1322 autem
1614 1283 1766 1322 erroris

258 1339 486 1391 repetenda
524 1339 578 1377 ab
620 1339 744 1378 verbo
784 1343 924 1378 πολεῖν
963 1338 1024 1378 vel
1065 1342 1211 1377 πωλεῖν
1256 1338 1443 1391 (versari)
1485 1352 1577 1377 cum
1617 1343 1766 1378 πωλεῖν

261 1394 460 1443 (vendere)
498 1395 680 1441 confuso,
722 1393 998 1447 interpolatae
1033 1394 1221 1433 lectionis
1257 1399 1428 1434 auctore
1463 1408 1545 1433 non
1580 1392 1765 1433 animad-

259 1454 448 1490 vertente
469 1450 588 1490 alteri
614 1450 708 1489 huic
729 1450 854 1489 verbo
883 1450 1022 1503 inepte
1043 1449 1140 1489 addi
1169 1450 1443 1500 πεφασμένως,
1467 1449 1583 1502 quasi
1611 1449 1765 1489 fuerint

258 1506 385 1545 etiam
413 1505 481 1559 qui
509 1520 664 1545 merces
696 1520 790 1545 suas
820 1505 860 1544 in
888 1506 977 1545 foro
1010 1507 1176 1556 κρύβδην
1206 1506 1443 1545 venderent.
1504 1504 1682 1544 Accedit
1711 1505 1765 1544 ad

258 1562 358 1601 haec
390 1562 500 1615 quod
526 1563 547 1612 ἡ
574 1564 616 1601 ἐν
642 1565 686 1611 τῇ
713 1563 836 1613 ἀγορᾷ
867 1563 1031 1612 ἐργασία
1062 1576 1143 1600 11011
1173 1561 1253 1601 fuit
1280 1561 1499 1600 inhonesta
1530 1560 1686 1607 habita,
1714 1561 1764 1600 de

259 1632 340 1670 quo
361 1618 450 1671 lege
471 1618 576 1658 adeo
593 1622 761 1658 cautum
777 1617 867 1665 fuit⁷
890 1622 937 1657 ut
964 1622 1141 1671 apparet
1170 1631 1220 1656 ex
1246 1616 1432 1656 oratione
1453 1616 1493 1655 in
1517 1616 1764 1656 Eubulidem

258 1688 297 1726 p.
323 1675 440 1727 ]308.
463 1676 567 1725 παρὰ
594 1674 681 1715 τοὺς
710 1674 862 1722 νόμους,
887 1674 923 1712 οἲ
945 1674 1171 1713 κελεύουσιν
1199 1673 1343 1724 ἔνοχον
1365 1673 1463 1712 εῖναι
1484 1675 1529 1726 τῇ
1558 1675 1764 1726 κακηγορίᾳ

257 1729 326 1768 τὸν
353 1730 423 1778 τὴν
450 1731 638 1780 ἐργασίαν
667 1729 735 1778 τὴν
762 1731 804 1768 ἐν
832 1731 876 1783 τῇ
905 1730 1028 1781 ἀγορᾷ
1056 1727 1078 1778 ἢ
1106 1732 1181 1767 τῶν
1207 1732 1378 1768 πολιτῶν
1405 1726 1427 1777 ἦ
1454 1732 1529 1767 τῶν
1555 1730 1764 1768 πολιτίδων

257 1785 492 1832 ὀνειδίζοντά
513 1802 598 1825 τινι.

319 1843 437 1894 1367,
463 1854 527 1894 29.
554 1842 703 1891 αὐτοὺς]
731 1841 1000 1894 Stephanum,
1024 1840 1245 1887 Neaeram,
1269 1840 1523 1880 Phanonem.
1558 1839 1761 1878 REISK.

320 1898 436 1950 1368,
461 1899 498 1936 6.
528 1896 683 1949 αὐτοὺς]
708 1897 833 1950 Vulg.
864 1898 992 1936 αὐτόν.
1054 1896 1135 1935 Sed
1166 1910 1248 1935 non
1278 1897 1520 1949 Epaonetus
1541 1895 1762 1936 ,absolven-

258 1952 334 1991 dus
362 1957 453 1992 erat
481 1967 506 1992 a
533 1952 780 2000 vadimonio,
809 1953 881 1992 sed
909 1953 1094 2005 praedes,
1118 1951 1436 1991 Aristomachus
1468 1956 1510 1991 et
1540 1950 1761 2004 Nausiphi-

256 2008 331 2046 lus.
393 2008 530 2057 Quare
561 2012 733 2048 autumo
762 2008 980 2061 legendum
1001 2022 1090 2047 esse
1113 2008 1262 2048 αὐτούς.
1314 2008 1371 2047 Et
1393 2007 1449 2046 sic
1471 2006 1565 2046 dedi
1587 2006 1636 2046 (le
1657 2021 1760 2046 meo.

258 2064 457 2102 REISK.
530 2064 659 2104 Paulo
699 2064 829 2103 lenius
868 2064 1058 2103 medeare
1099 2063 1202 2105 loco,
1244 2063 1277 2101 si
1319 2065 1507 2114 ἀφεῖσθαι
1546 2066 1681 2102 mutes
1720 2063 1762 2101 in

257 2118 441 2169 ἀφέσθαι.
497 2126 539 2159 ut
582 2120 665 2172 ‘ipse
713 2120 991 2172 (Stephanus)
1033 2119 1120 2158 illos
1161 2119 1372 2171 (praedes)
1407 2119 1565 2170 faceret
1608 2118 1757 2158 missos.

258 2174 506 2214 SOHAEF.

318 2231 436 2283 1368,
464 2230 526 2269 18.
570 2231 611 2268 ἐκ
646 2234 823 2280 πονηρῶν
861 2230 1114 2281 πραγμάτων]
1158 2231 1209 2268 In
1246 2229 1442 2268 sclal'imvw
1478 2228 1644 2268 Hiimlel
1676 2243 1760 2267 ver-

255 2285 416 2325 wz'ckelt.
452 2285 656 2338 [Aug-lice,
688 2285 869 2325 involved
895 2286 938 2325 in
968 2285 1201 2336 ιιιιρίοαεαηί
1230 2284 1400 2336 affairs]
1428 2284 1480 2323 V.
1503 2284 1557 2324 ad
1578 2299 1616 2337 p.
1640 2295 1758 2338 1173,

259 2353 323 2394 25.
356 2341 603 2381 SCHAEF.

321 2398 436 2450 1369,
464 2410 497 2436 1.
529 2397 660 2449 αὑτοῦ]
690 2396 794 2435 Post
824 2396 864 2435 h.
888 2410 922 2434 v.
947 2395 1110 2435 videtur
1142 2396 1258 2435 αὐτὸν
1288 2396 1441 2443 deesse⁷
1472 2395 1581 2448 quod
1612 2399 1674 2434 est
1705 2395 1759 2434 ad

256 2451 519 2505 Epaenetum
546 2451 816 2491 referendum.
880 2451 987 2491 Nam
1014 2451 1131 2498 alias,
1160 2451 1226 2491 illo
1255 2451 1417 2499 omisso,
1440 2451 1659 2490 exsisteret
1686 2465 1760 2503 per

253 2508 364 2562 leges
396 2506 718 2547 constructionis
750 2507 851 2546 haec
882 2507 1178 2546 absurdissima
1213 2507 1436 2555 sententia,
1470 2505 1758 2559 Nausiphilum

254 2568 297 2603 et
325 2563 665 2603 Aristomachum
695 2563 851 2614 γραφὴν
881 2567 1027 2602 contra
1059 2562 1316 2615 Stephanum
1348 2563 1401 2602 ad
1429 2561 1611 2615 judicem
1641 2562 1757 2601 detu-

254 2619 360 2659 lisse.
425 2619 504 2658 Sed
537 2619 637 2658 haec
670 2623 734 2658 est
766 2617 996 2657 sententia:
1041 2619 1168 2665 αὐτὸν,
1203 2633 1308 2665 eum,
1344 2618 1604 2671 Epaenetum
1639 2622 1754 2669 puta,

254 2674 295 2713 id
325 2675 483 2714 fecisse.
515 2675 714 2713 REISK.
776 2673 870 2712 Non
897 2673 1132 2713 addendum
1160 2678 1223 2713 est
1252 2674 1379 2721 αὐτὸν,
1409 2674 1481 2712 sed
1510 2672 1757 2712 subaudien-

254 2731 363 2770 dum.
425 2730 596 2783 Saepius
617 2729 756 2769 monui
778 2730 959 2769 Graecos
980 2729 1201 2781 scriptores
1223 2743 1342 2769 casus
1362 2729 1483 2781 hujus
1503 2727 1756 2781 pronominis

254 2786 441 2839 obliquos
462 2786 667 2833 omittere,
690 2785 759 2824 ubi
788 2784 953 2823 omissio
974 2784 1075 2823 nihil
1102 2784 1249 2837 gignat
1277 2784 1555 2824 obscuritatis.
1616 2783 1754 2835 Hujus

253 2846 393 2882 autem
420 2842 497 2881 loci
529 2840 737 2881 sententia
763 2845 849 2880 tam
878 2840 1098 2880 manifesta
1124 2844 1187 2880 est
1213 2844 1259 2880 ut
1287 2840 1506 2888 neminem,
1536 2838 1604 2892 qui
1634 2842 1750 2878 ante-
