1935 3200
309 144 420 183 1208
660 142 981 183 ADVERSUS
1022 144 1468 186 MAOARTATUM.

309 247 497 301 cognatis
532 261 619 287 rem
653 247 863 288 nunciare.
937 248 1083 299 Qualia
1119 248 1209 302 quis
1245 250 1390 290 credat
1429 249 1558 290 veteri
1592 250 1819 304 legislatori

308 303 536 356 placuisse?
577 303 850 343 Manifestum
881 308 945 344 est
978 303 1106 357 igitur
1139 304 1261 358 longe
1291 305 1394 345 alias
1425 320 1548 359 quam
1579 321 1682 360 quas
1712 321 1820 346 nunc

308 360 510 399 habemus
545 359 656 413 leges
692 359 859 399 recitari
895 360 1067 413 jussisse
1102 364 1313 400 oratorem
1352 376 1504 414 easque
1544 362 1656 402 haud
1697 363 1820 402 dubie

311 414 483 462 Solonis,
507 429 604 463 11011,
627 430 678 455 ex
701 430 782 468 quo
807 430 881 455 suo
902 415 1058 467 partim
1082 416 1350 456 adumbravit
1370 417 1574 466 falsarius,
1598 419 1817 468 Draconis,

309 484 430 524 quem
459 470 606 510 similia
628 472 829 524 quaedam
852 471 1114 525 praecepisse
1141 486 1191 512 ex
1221 473 1410 513 oratione
1438 478 1584 513 contra
1606 474 1819 528 Euergum

308 531 351 566 et
374 527 657 566 Mnesibulum
682 528 867 566 novimus
888 543 928 580 p.
949 530 1057 568 1160
1079 543 1138 581 sq.
1201 528 1396 568 Ceterum
1416 529 1500 569 tria
1520 530 1656 583 legum
1677 529 1819 581 capita

306 582 478 622 distinxi
499 588 726 636 praeeunte
749 583 912 633 Boorio,
931 598 1052 637 quem
1074 599 1109 624 v.
1130 599 1171 637 p.
1192 594 1265 638 151
1287 599 1364 638 sq,
1381 585 1640 638 interpositis
1659 585 1818 626 lineolis

308 643 518 691 separata.

368 696 487 744 1068,
513 696 579 736 28.
611 696 828 749 προειπεῖν]
863 696 1047 736 Subaudi
1080 698 1186 746 δίκην
1217 699 1286 737 δεῖ.
1351 696 1509 749 Oportet
1538 697 1601 737 vel
1632 697 1819 738 Convenit

305 751 410 790 diem
430 751 669 792 demmciare
693 752 913 805 peremtori,
936 767 1009 806 quo
1036 753 1081 792 in
1098 752 1256 805 judicio
1281 759 1519 806 compareat.
1555 754 1814 794 SCHAEF.

308 806 363 846 V.
385 807 499 861 adp.
522 809 640 861 1348,
661 821 675 847 1
690 822 723 847 1.

368 865 487 912 1068,
523 876 588 916 29.
632 865 740 905 ἐντος
780 863 1056 918 ἀνεψιότητος]
1099 865 1177 915 (21ιὶ
1207 865 1380 918 propius
1418 865 1619 918 attin-amat
1652 865 1818 906 occisum

305 932 427 971 quam
459 919 619 968 sobrini,
651 924 699 959 ut
728 925 861 973 pater,
893 921 1037 968 frater,
1068 920 1188 969 filius,
1220 925 1409 972 patruus.
1441 921 1635 961 REISK.
1697 922 1813 962 Gens.

305 990 345 1028 p.
367 977 486 1024 1161,
509 989 572 1016 10.
596 978 747 1016 κελεύει
768 978 787 1014 ὁ
812 978 927 1026 νόμος
948 976 1137 1025 ἐπεξιέναι
1157 976 1272 1029 μέχρι
1293 978 1531 1028 ἀνεψιαδῶν.
1584 977 1822 1029 Ἀνεψιαδοῖ

304 1035 458 1079 autem,
492 1031 561 1085 qui
594 1032 756 1072 Latinis
784 1031 1125 1072 consobrinorum
1152 1032 1224 1071 filii
1251 1037 1464 1081 vocantur,
1490 1033 1691 1086 postremi
1718 1038 1817 1074 sunt
1857 1054 1860 1057 *

305 1101 447 1127 eorum
480 1088 549 1141 qui
581 1089 836 1140 ἀνεψιότητος
870 1088 1035 1127 1101111110
1068 1088 1487 1142 comprehenduntur,
1521 1089 1588 1142 qui
1625 1089 1732 1129 sicut
1762 1090 1816 1130 ad

306 1143 583 1183 hereditatem
619 1147 673 1195 (v.
708 1144 762 1184 ad
797 1144 961 1184 Isaeum
994 1159 1032 1197 p.
1058 1158 1155 1197 455.
1180 1146 1298 1197 456.)
1331 1143 1392 1184 ita
1429 1145 1555 1185 etiam
1589 1146 1644 1185 ad
1679 1146 1816 1185 caedis

304 1199 613 1240 accusationem
642 1205 848 1240 vocantur
878 1215 928 1239 ex
962 1200 1122 1239 Solonis
1153 1201 1242 1254 lege
1273 1201 1312 1239 h.
1334 1201 1359 1240 1.
1391 1201 1520 1240 allata
1551 1205 1593 1240 et
1625 1201 1816 1241 Platonis

307 1254 407 1309 Leg.
433 1270 470 1309 9.
492 1271 533 1307 p.
558 1256 652 1308 871.
717 1256 885 1296 Monuit
909 1256 1177 1296 Schoemann.
1202 1256 1349 1309 Antiq.
1371 1257 1483 1309 publ.
1506 1271 1547 1308 p.
1569 1258 1662 1297 288.

362 1313 424 1351 καὶ
460 1313 642 1363 ἀνεψιοῦ]
683 1312 827 1352 Verba
864 1312 965 1352 haec
1002 1312 1176 1352 delenda
1207 1312 1426 1352 videntur:
1459 1327 1556 1352 nam
1587 1313 1694 1355 ἐντὸς
1723 1313 1816 1367 figit

305 1371 537 1407 extremum
558 1368 793 1415 terminum,
817 1382 1029 1421 quousque
1054 1367 1207 1421 aliquid
1229 1369 1454 1422 pertingat.
1514 1370 1632 1422 Ergo
1653 1369 1817 1421 ἀνεψιὸς

304 1423 413 1463 inest
448 1423 575 1463 etiam
610 1425 655 1479 τῇ
696 1425 936 1475 ἀνεψιότητι.
1001 1424 1219 1464 Sententia
1253 1424 1356 1478 legis
1397 1429 1487 1464 est:
1532 1425 1611 1476 Qui
1645 1425 1815 1478 propius

303 1479 521 1533 attingunt
552 1484 785 1533 peremtum
816 1494 940 1533 quam
973 1480 1140 1529 sobrini,
1172 1480 1294 1520 liceto
1330 1480 1409 1520 illis
1446 1481 1554 1520 diem
1589 1481 1815 1533 peremtori

305 1535 468 1581 (11001ος
504 1536 572 1589 (1111
606 1540 748 1576 autem
782 1536 943 1590 longius
979 1536 1150 1583 distant,
1184 1540 1232 1576 ut
1268 1537 1414 1585 soceri,
1451 1537 1591 1577 mariti
1627 1551 1815 1577 sororum

308 1590 407 1642 (imo
435 1592 608 1645 generi),
631 1592 785 1631 sobrini
814 1598 857 1632 et
884 1592 1145 1632 sobrinorum
1172 1592 1303 1641 liberi,
1325 1593 1388 1632 fas
1418 1593 1497 1632 illis
1524 1597 1615 1633 esto
1645 1607 1815 1633 caussae

305 1647 565 1687 subscribere
587 1652 628 1687 et
650 1648 955 1688 accusationem
976 1649 1238 1702 participare.
1272 1649 1472 1688 REISK.
1521 1649 1629 1688 Mihi
1652 1663 1815 1702 quoque

304 1702 406 1742 haec
427 1702 620 1743 videntur
645 1704 829 1743 delenda.
864 1704 1112 1744 SCHAEF.
1174 1704 1330 1744 Deleri.
1374 1705 1433 1745 Cf.
1459 1705 1585 1744 Boor.
1608 1720 1647 1758 p.
1672 1719 1764 1759 119.

366 1759 489 1811 1069,
514 1772 549 1799 2.
583 1760 645 1799 καὶ
676 1761 927 1813 ἀνεψιαδοῦς]
966 1760 1106 1800 Etiam
1137 1760 1214 1799 1100
1243 1761 1476 1800 redundare
1506 1761 1698 1801 videtur:
1731 1775 1815 1800 non

305 1813 414 1854 enim
448 1814 567 1854 video
607 1815 677 1868 qui
711 1819 845 1857 παῖδες
885 1817 1061 1867 ἀνεψιῶν
1099 1817 1152 1856 ab
1189 1818 1419 1867 ἀνεψιαδοῖς
1455 1816 1661 1856 differant.
1724 1816 1813 1856 Nisi

303 1870 490 1909 volumus
516 1871 622 1910 hanc
643 1871 723 1924 legi
749 1871 998 1911 sententiam
1019 1871 1227 1912 tribuere:
1256 1872 1489 1912 Peremtori
1516 1872 1624 1912 diem
1645 1872 1814 1912 dicunto

305 1925 374 1978 qui
396 1930 494 1965 sunt
515 1926 622 1966 citra
642 1927 1014 1967 consobrinitatem
1034 1932 1077 1967 et
1097 1928 1332 1968 consobrini
1352 1928 1443 1982 ipsi.
1502 1928 1603 1981 (Sed
1624 1932 1713 1968 tum
1735 1928 1814 1968 erit

304 1996 341 2021 v.
363 1995 397 2021 1.
418 1981 638 2035 legendum
665 1997 748 2022 11011
776 1984 955 2034 ἀνεψιοῦ,
979 1983 1050 2022 sed
1080 1983 1122 2022 in
1150 1984 1386 2024 accusativo
1413 1984 1561 2038 plurali
1589 1985 1811 2036 ἀνεψιούς.)

306 2037 597 2090 Participanto
637 2043 778 2078 autem
822 2053 1010 2078 caussam
1051 2039 1178 2079 etiam
1217 2040 1335 2079 liberi
1377 2040 1728 2089 consobrinorum,
1771 2045 1814 2080 et

303 2092 445 2132 mariti
472 2107 672 2142 sororum,
696 2094 759 2133 vel
786 2094 927 2134 mariti
954 2095 1131 2134 filiarum
1160 2095 1294 2144 occisi,
1323 2100 1367 2135 et
1395 2110 1536 2135 eorum
1564 2096 1811 2145 consobrini,

303 2148 405 2187 item
441 2149 573 2188 soceri
605 2149 740 2198 occisi,
774 2155 816 2189 et
852 2164 993 2189 eorum
1029 2151 1263 2190 consobrini
1294 2156 1478 2204 nepotes,
1515 2156 1557 2191 et
1591 2152 1813 2204 phratores

303 2203 442 2243 occisi.
507 2204 710 2258 Quicquid
738 2210 814 2254 est,
843 2205 956 2244 locus
985 2211 1049 2245 est
1077 2207 1276 2246 obscurus
1304 2211 1346 2246 et
1374 2207 1534 2255 dubius,
1557 2221 1679 2260 quem
1707 2207 1813 2261 peri-

303 2258 431 2298 tiores
462 2259 705 2300 illuminent.
738 2261 939 2300 REISK.
1003 2261 1185 2301 Videtur
1213 2262 1446 2311 illuminari,
1476 2262 1509 2301 si
1540 2263 1617 2303 hac
1647 2263 1812 2303 ratione

302 2314 510 2367 refinga82
543 2317 768 2355 συνδιώκειν
796 2317 836 2355 δὲ
867 2317 927 2355 καὶ
956 2317 1143 2366 ἀνεψιοὺς
1171 2318 1231 2356 καὶ
1259 2319 1496 2368 ἀνεψιαδοῦς
1524 2319 1585 2358 καὶ
1611 2319 1813 2370 γαμβροὺς

305 2370 366 2409 καὶ
386 2370 594 2420 πενθεροὺς
616 2371 678 2409 καὶ
699 2371 904 2421 φράτορας.
939 2372 1186 2411 SCHAEF.
1250 2373 1440 2413 Fallitur.
1503 2374 1660 2414 Veram
1680 2375 1812 2414 totius

302 2425 381 2465 loci
408 2425 658 2478 scripturam
686 2426 792 2473 dedi,
814 2426 890 2465 nisi
921 2427 1030 2479 quod
1059 2429 1185 2468 verba
1215 2429 1275 2467 καὶ
1304 2430 1480 2480 ἀνεψιῶν
1506 2433 1646 2471 παῖδας
1674 2430 1811 2470 (101010

304 2481 518 2529 debebam,
540 2495 714 2534 quorum
741 2482 1046 2522 absurditatem
1074 2484 1375 2524 demonstravit
1398 2485 1707 2525 Schoemannus
1727 2486 1753 2526 1.
1775 2500 1809 2526 0.

302 2551 342 2589 p.
367 2538 460 2576 288.
489 2537 558 2590 qui
589 2542 612 2559 “
629 2537 823 2590 Apparet
850 2538 996 2586 enim,75
1024 2539 1174 2593 inquit,
1203 2545 1228 2562 ‘⁴
1245 2540 1348 2579 alios
1378 2555 1467 2580 esse
1498 2541 1568 2595 qui
1597 2546 1808 2592 προειπεῖν,

303 2592 405 2631 alios
431 2592 499 2645 qui
528 2593 751 2632 συνδιώκειν
775 2593 987 2645 jubentur,
1010 2609 1143 2647 neque
1171 2595 1300 2648 igitur
1327 2600 1503 2649 possunt
1531 2598 1700 2648 ἀνεψιοὶ,
1724 2598 1810 2637 ἀνε-

303 2651 454 2698 ψιαδοῖ,
484 2649 661 2699 ἀνεψιῶν
691 2651 836 2697 παῖδες,
866 2649 934 2701 qui
967 2664 1094 2703 quum
1124 2652 1235 2692 ἐντὸς
1266 2653 1523 2703 ἀνεψιότητος
1553 2651 1648 2701 Sint,
1678 2669 1808 2704 προει-

302 2707 391 2742 πεῖν
421 2703 633 2755 jubentur,
666 2718 809 2743 rursus
844 2704 972 2744 etiam
1006 2719 1099 2744 cum
1133 2711 1336 2757 γαμβροῖς,
1370 2711 1580 2759 πενθεροῖς,
1617 2707 1809 2759 φράτορσι

304 2760 529 2798 συνδιώκειν
551 2759 701 2812 juberi,
724 2764 772 2799 ut
796 2764 959 2800 taceam
986 2775 1223 2813 perversum
1251 2763 1426 2802 istorum
1453 2763 1673 2803 verborum
1701 2763 1808 2802 ordi-

302 2827 409 2862 nem,
432 2818 474 2854 et
495 2815 670 2866 ἀνεψιῶν
690 2819 829 2857 παῖὃας
855 2815 1020 2856 additos
1049 2818 1289 2868 ἀνεψιαδοῖς,
1313 2832 1440 2870 (11111111
1463 2822 1640 2872 utraque
1668 2818 1809 2872 appel-

301 2868 455 2911 latione
485 2869 610 2911 iidem
643 2870 937 2925 significentur.
999 2871 1208 2913 Dixerunt
1245 2873 1295 2913 (10
1325 2874 1395 2915 illa
1424 2874 1513 2928 lege
1543 2874 1724 2914 Bunsen.
1755 2874 1807 2914 de
