1956 3236
720 645 1021 691 XXXVIII.

285 785 681 837 ADVERsUS
727 786 1306 837 NAUSIMACIIUM
1352 785 1453 835 ET

598 908 1143 960 XENOPITHEM.

689 1073 1051 1102 4—

171 1208 328 1247 CAUSSA
360 1208 436 1249 hac
468 1207 657 1248 oratione
683 1208 847 1261 agitata
875 1207 976 1246 haec
1003 1211 1080 1246 est.
1144 1207 1448 1248 Nausimachus
1474 1212 1517 1248 et
1540 1208 1628 1248 Xe-

113 1264 305 1318 nopithes
339 1264 530 1318 (junior),
562 1265 725 1311 fratres,
758 1263 829 1302 filii
864 1263 1133 1311 Nausicratis,
1163 1279 1187 1304 a
1218 1264 1313 1303 filiis
1346 1264 1627 1305 Aristaechmi

114 1321 201 1361 vita
222 1321 376 1361 dudum
399 1321 595 1369 defuncti,
619 1321 689 1374 qui
718 1325 835 1360 tutor
866 1319 964 1372 ipsis
993 1318 1089 1359 olim
1115 1320 1272 1367 fuisset,
1295 1321 1459 1360 actione
1487 1321 1629 1361 haere-

114 1377 261 1417 ditatis
293 1377 534 1418 imminutae
566 1382 640 1417 aut
670 1376 779 1417 aeris
809 1376 931 1416 alieni
963 1376 1128 1429 pupillis
1158 1377 1300 1423 debiti.
1323 1392 1348 1417 a
1369 1377 1629 1417 debitoribus

115 1433 279 1486 quidem
312 1434 484 1481 redacti,
515 1449 540 1474 a
568 1438 708 1474 tutore
740 1437 881 1472 autem
914 1432 1078 1485 pupillis
1112 1447 1193 1472 non
1226 1433 1439 1486 persoluti,
1470 1438 1630 1487 repete-

114 1490 217 1530 bant
252 1490 305 1530 ab
344 1505 592 1544 unoquoque
632 1489 812 1529 filiorum
848 1488 1143 1535 Aristaechmi,
1174 1490 1242 1542 qui
1278 1494 1461 1542 quatuor
1495 1495 1628 1537 erant,

115 1550 321 1598 quaterna
357 1546 517 1586 talenta
548 1550 591 1586 et
626 1550 845 1599 praeterea
876 1545 1037 1598 singula
1070 1545 1247 1585 totidem
1276 1546 1336 1597 (h.
1364 1559 1398 1586 e.
1429 1548 1628 1599 quatuor)

114 1601 391 1642 semitalenta.
440 1602 648 1642 Petebant
665 1601 806 1655 itaque
824 1601 896 1640 filii
915 1601 1178 1641 Nausicratis
1192 1617 1217 1642 a
1233 1601 1327 1641 filiis
1345 1601 1630 1642 Aristaechmi

114 1658 302 1697 universe
323 1658 553 1698 octodecim
579 1659 751 1699 talenta.
816 1657 923 1697 Nam
946 1662 1128 1710 quatuor
1158 1658 1319 1698 talenta
1349 1658 1427 1697 sibi
1458 1658 1632 1698 aiebant

114 1713 256 1754 deberi
286 1719 334 1754 ut
363 1729 434 1755 aes
464 1714 765 1768 interceptum:
803 1714 875 1753 sed
904 1713 1135 1767 singulares
1168 1714 1246 1754 hoc
1277 1714 1421 1754 eodem
1453 1714 1503 1754 (le
1534 1729 1631 1754 aere

114 1769 248 1809 alieno
272 1770 460 1810 actiones
487 1771 529 1810 in
556 1771 740 1825 singulos
771 1770 860 1810 illos
883 1774 1062 1822 quatuor
1092 1770 1245 1810 fratres
1275 1770 1558 1810 instituebant
1589 1776 1631 1810 et

113 1825 229 1866 litem
250 1826 470 1880 unicuique
491 1833 709 1881 praeterea
731 1826 994 1866 semitalento
1018 1826 1313 1866 aestimabant.
1358 1826 1552 1866 REISK.

172 1980 267 2031 984,
290 1992 324 2018 1.
347 1978 742 2019 Δεδωκότων-εῗυαι
764 1977 832 2026 τὴν
854 1978 989 2028 olma]
1033 1977 1149 2017 Idem
1171 1977 1388 2017 exordium
1410 1992 1445 2017 v.
1468 1993 1508 2031 p.
1534 1980 1628 2032 966,

119 2049 152 2074 1.
198 2035 450 2074 SCHAEF.

172 2091 266 2144 984,
283 2105 322 2144 3.
356 2092 406 2144 τῷ
438 2091 570 2143 πατρὶ]
610 2089 778 2129 Plenius
809 2090 878 2129 τὸν
899 2089 1044 2140 πατέρα
1074 2090 1180 2139 ἡμῶν
1201 2104 1240 2142 p.
1264 2091 1358 2143 985,
1382 2101 1443 2141 17.
1468 2090 1562 2144 986,
1588 2091 1624 2129 8.

117 2147 198 2187 Sed
220 2147 322 2187 talia
343 2146 656 2200 pronominibus
679 2145 920 2199 saepissime
943 2150 1101 2185 carent.
1147 2145 1399 2186 SCHAEF.

173 2203 270 2256 985,
290 2216 324 2242 1.
347 2204 433 2244 τοὺς
456 2204 661 2254 εἰληχότας
681 2202 789 2254 ἡμῖν]
823 2202 877 2241 V.
900 2202 954 2241 ad
975 2217 1015 2255 p.
1041 2203 1136 2247 602,
1159 2214 1198 2255 3.

173 2260 269 2312 985,
291 2272 351 2298 10.
375 2259 465 2308 ἡμῖν
479 2259 552 2310 —]
586 2258 726 2311 Vulgo
746 2283 803 2287 —
816 2259 905 2308 ἡμῖν
921 2262 996 2297 τῶν
1015 2258 1139 2297 αὐτῶν
1160 2257 1376 2309 χρημάτων,
1396 2258 1549 2300 ἁπάσας
1561 2283 1628 2298 —.

118 2315 513 2368 lnterpunetionem,
537 2319 584 2354 ut
612 2314 849 2367 saepissime
875 2313 991 2361 alias,
1014 2314 1054 2353 h.
1079 2313 1103 2352 l.
1127 2313 1287 2353 correxi
1319 2313 1374 2353 ad
1405 2313 1515 2352 hunc
1545 2328 1630 2353 mo—

116 2371 400 2420 1111111ῑ-ἡμῖν,
428 2375 504 2410 τῶν
530 2371 654 2410 αὐτῶν
677 2370 881 2422 χρημάτων
909 2369 1066 2411 ἁπάσας
1095 2369 1151 2421 (id
1182 2374 1245 2409 est
1274 2371 1370 2419 ὑπὲρ
1401 2374 1477 2408 τῶν
1505 2371 1630 2410 αὐτῶν

116 2426 320 2477 χρημάτων
340 2426 507 2474 ἁπάσας,
531 2440 672 2465 omnes
701 2425 792 2465 illas
815 2431 995 2478 quatuor
1015 2425 1201 2465 actiones
1223 2440 1347 2479 super
1369 2426 1514 2464 eodem
1534 2441 1630 2466 aere

116 2481 262 2529 alieno,
286 2486 467 2534 quatuor
498 2486 600 2535 puta
621 2481 825 2533 talentis),
846 2482 1075 2533 τρισχιλίων
1097 2481 1262 2531 ἑκάστην
1286 2481 1344 2530 (id
1375 2486 1439 2521 est
1462 2481 1630 2531 ἑκάστην

117 2539 179 2576 ἐπὶ
209 2539 386 2587 τιμήματι
419 2539 647 2589 τρισχιλίωυ
678 2541 871 2589 δραχμῶν,
902 2551 1236 2591 unamquamque
1271 2537 1417 2576 harum
1449 2542 1630 2590 quatuor

116 2593 328 2632 actionum
361 2594 436 2633 sub
467 2593 759 2633 aestimatione
793 2592 877 2632 litis
910 2593 964 2632 ad
995 2606 1049 2646 30
1077 2593 1222 2640 minas,
1252 2607 1367 2646 quas,
1395 2593 1629 2646 quicunque

117 2663 263 2688 caussa
295 2649 476 2695 caderet,
501 2648 712 2701 judicibus
743 2649 1030 2701 dependeret),
1061 2648 1219 2698 βλάβης
1247 2648 1419 2700 (scilicet
1454 2650 1626 2698 ὀνόματι,

117 2719 167 2743 ex
189 2704 314 2743 titulo
334 2704 494 2758 accepti
516 2719 541 2744 a
563 2705 682 2744 nobis
703 2704 876 2755 damni).
920 2704 1113 2743 REISK.

175 2760 268 2813 985,
290 2773 351 2799 ΙΙ.
386 2761 482 2810 πρὸς
511 2759 1052 2813 τριάκοντα-καθέσταμει]
1090 2760 1307 2800 Sententia
1329 2764 1418 2798 est:
1452 2759 1628 2811 conjecti

117 2830 258 2855 sumus
279 2814 320 2854 111
343 2815 562 2855 discrimen
590 2830 672 2854 non
700 2816 823 2855 modo
845 2820 1009 2855 tantam
1030 2815 1138 2855 aeris
1167 2829 1370 2854 summam
1392 2813 1627 2861 amittendi,

122 2874 169 2910 16
192 2871 354 2911 talenta
375 2876 488 2924 puta,
512 2871 584 2910 sed
606 2871 732 2911 etiam
757 2886 819 2924 pl
808 2876 975 2911 acterea
996 2871 1078 2910 duo
1100 2871 1261 2910 talenta
1282 2868 1435 2909 titulo
1425 2883 1628 2922 unpenso-

117 2941 208 2966 rum
225 2931 266 2966 01
284 2926 563 2979 sportularum
581 2927 817 2976 forensium,
832 2941 924 2966 cum
942 2932 1107 2966 actores
1128 2926 1355 2979 periculum
1374 2938 1456 2964 non
1473 2925 1625 2965 adeant
