1935 3200
298 132 409 170 1402
764 128 986 169 ORATIO
1020 128 1330 169 FUNEBRIS.

298 236 523 290 malignam
555 233 898 280 criminationem,
923 249 1004 287 qua
1025 233 1221 274 virtutem
1243 234 1536 275 Thebanorum
1564 239 1710 275 auctor
1734 234 1801 274 de‘

298 296 479 332 trectare
501 305 761 343 nequaquam
782 290 960 338 dubitat,
984 290 1206 330 dummodo
1227 291 1280 330 ab
1296 290 1622 331 Atheniensibus
1639 291 1803 344 culpam

299 348 527 393 demoveat,
566 346 599 385 si
633 345 906 386 Demostheni
946 345 1185 394 tribuerem,
1222 349 1370 400 stupeo
1409 360 1570 386 mecum
1603 351 1804 400 reputans

300 407 456 456 quanta
477 402 609 442 virum
629 401 840 456 egregium
861 401 1065 442 afficerem
1087 401 1250 454 injuria.
1314 402 1513 442 Fortasse
1543 417 1627 442 non
1656 415 1804 456 repug-

298 472 453 505 narem,
477 458 510 497 si
531 472 629 497 vera
650 464 760 497 esset
787 472 834 498 ac
860 457 976 511 justa
1000 457 1249 498 criminatio.
1310 458 1392 498 Sed
1422 457 1605 511 ipsorum
1626 457 1803 498 Atheni-

299 514 458 553 ensium
489 514 628 563 duces,
662 514 818 554 Chares
847 518 975 566 atque
1003 513 1196 566 Lysicles‚
1227 513 1295 567 qui
1326 518 1473 567 postea
1496 514 1624 554 etiam
1656 513 1804 567 capitis

299 571 520 610 damnatus
542 574 620 618 est,
641 569 747 609 hanc
774 569 931 609 cladem
960 569 1155 609 dicuntur
1183 569 1441 610 contraxisse
1457 588 1467 616 ;
1499 569 1665 609 incaute
1695 569 1804 609 enim

299 626 340 664 in
372 626 551 665 mediam
578 625 760 665 hostium
789 625 920 665 aciem
953 625 1159 665 irruentes
1185 625 1428 678 tulbatique
1455 625 1673 678 repentino
1703 625 1804 679 pha-

297 682 432 734 langis
453 682 610 735 impetu
632 681 956 721 Atheniensium
981 681 1146 721 oidines
1176 681 1229 721 ad
1261 681 1583 721 internecionem
1615 685 1713 721 sunt
1742 695 1805 720 re-

299 738 421 777 ducti.
483 737 545 777 At
565 737 696 778 multo
716 737 770 777 ad
792 751 1007 776 commune
1032 737 1232 790 judicium
1252 741 1379 790 atque
1405 736 1709 777 humanitatem
1738 751 1804 777 ac-

299 793 600 833 commodatius
630 793 907 833 miserrimam
932 793 1226 833 Thebanorum
1256 798 1411 833 sortem
1440 793 1614 833 luxisset
1643 797 1802 841 auctor,

300 849 451 903 quippe
480 864 656 903 quorum
685 849 900 903 Philippus
928 864 1011 889 non
1042 849 1173 888 solum
1203 849 1401 903 captivos,
1423 863 1565 889 verum
1588 848 1715 889 etiam
1744 849 1804 888 in-

298 907 567 945 terfectorum
595 905 851 959 sepulturam
872 905 1081 945 venderet.
1124 905 1227 945 Rem
1257 905 1423 945 conficit
1445 905 1556 958 quod
1577 905 1664 959 ipse
1686 904 1804 958 quasi

300 961 483 1001 sentiens
516 961 703 1014 sophista
735 975 859 1014 quain
894 961 1096 1000 lubricum
1130 961 1207 1000 hoc
1242 961 1298 1001 sit
1332 965 1625 1015 argumentum
1655 961 1802 1001 addit:

301 1018 361 1057 καὶ
381 1020 428 1057 τὰ
448 1019 520 1068 μὲν
542 1017 629 1057 ἄλλ’
654 1018 736 1056 ἔστι
756 1019 913 1062 τούτων,
938 1018 987 1058 ὡς
1008 1018 1170 1059 ἕκαστος
1192 1017 1274 1070 ἔχει
1294 1018 1458 1069 γνώμης,
1482 1019 1600 1060 οὕτως
1629 1019 1804 1068 ὑπολαμ-

299 1074 450 1123 βάνειν.
514 1074 604 1124 Quo
626 1073 726 1112 nihil
747 1072 964 1112 inficetius.

358 1129 406 1169 P.
434 1131 552 1182 1396.
585 1129 791 1182 Argutius
822 1143 946 1181 quam
971 1128 1105 1169 verius
1137 1143 1349 1169 caesorum
1380 1129 1577 1169 virtutem
1605 1127 1805 1168 Graeciae

299 1185 482 1224 animam
511 1184 637 1224 fuisse
669 1184 796 1224 dicit:
832 1185 909 1234 ἅμα
944 1187 1018 1236 γὰρ
1049 1184 1095 1224 τά
1125 1202 1166 1224 τε
1191 1186 1335 1225 τούτων
1367 1185 1565 1234 πνεύματα
1596 1183 1805 1235 ἀπηλλάγη

301 1245 376 1280 τῶν
404 1242 556 1280 οἰκείων
588 1240 776 1290 σωμάτων
807 1242 868 1280 καὶ
899 1240 941 1279 τὸ
972 1244 1038 1290 τῆς
1066 1239 1263 1282 Ἑλλάδος
1291 1242 1436 1290 ἀξίωμα
1463 1239 1659 1294 ἀνῄρηται.
1723 1239 1806 1279 Sed

300 1301 347 1336 ut
382 1301 534 1350 arguta
565 1301 713 1350 argute
746 1296 936 1344 refutem,
972 1296 1074 1349 quis,
1108 1310 1273 1349 quaeso,
1307 1296 1472 1336 sublata
1503 1296 1641 1336 anima
1671 1295 1805 1336 vivere

300 1367 382 1391 non
414 1352 578 1392 desinat
591 1354 603 1393 ’ἕ
636 1354 696 1392 At
730 1352 906 1392 Graecia
937 1366 1027 1392 esse
1058 1366 1140 1391 non
1175 1352 1310 1392 desiit.
1373 1352 1463 1402 Quo
1496 1357 1637 1392 autem
1667 1351 1806 1391 animo

300 1409 378 1448 hoc
414 1408 706 1455 Athenienses,
742 1409 775 1448 si
815 1408 1083 1456 audivissent,
1118 1412 1369 1462 excepturos
1408 1407 1533 1448 fuisse
1568 1407 1806 1447 existimas?

305 1464 496 1505 Laudare
518 1465 683 1518 quidem
706 1465 998 1512 Athenienses,
1020 1469 1067 1504 ut
1098 1464 1157 1504 ait
1189 1464 1394 1512 Socrates,
1417 1478 1557 1504 coram
1577 1463 1806 1503 Athenien-

302 1520 416 1560 sibus
446 1536 528 1561 non
560 1526 624 1561 est
655 1521 829 1560 difficile.
892 1521 972 1561 Sed
1009 1535 1059 1560 ne
1092 1521 1168 1560 hoc
1201 1520 1366 1573 quidem
1398 1519 1666 1560 declamatori
1701 1520 1806 1559 bene

302 1577 437 1617 cessit.
499 1577 659 1630 Quippe
689 1576 907 1617 laudandis
938 1577 1113 1616 mortuis
1138 1576 1250 1616 vivos
1280 1576 1486 1616 immerito
1507 1589 1701 1616 accusare
1732 1575 1806 1614 ini-

303 1647 430 1685 quum
460 1638 536 1673 est.
600 1633 744 1686 Neque
775 1647 870 1672 vero
904 1633 944 1672 in
978 1633 1054 1672 hac
1085 1632 1307 1686 hyperbole
1341 1632 1535 1672 laudator
1567 1630 1804 1684 acquievit;

302 1688 428 1729 aliam
458 1689 589 1737 addit,
613 1703 736 1742 quam
758 1689 818 1729 vel
847 1704 935 1728 esse
965 1689 1215 1742 hyperbolen
1246 1702 1480 1728 asseverare
1507 1702 1589 1727 non
1611 1687 1803 1727 dubitat:

301 1745 479 1796 μεγάλην
510 1747 583 1795 μὲν
617 1746 686 1784 οὖν
718 1748 811 1787 ἴσως
841 1746 1067 1796 ὑπερβολὴν
1103 1746 1262 1794 δόξομεν
1297 1743 1440 1795 λέγειν,
1476 1743 1613 1795 ῥητέον
1646 1742 1674 1783 δ’
1708 1744 1807 1793 ὅμως

307 1802 429 1853 (quae
460 1801 586 1841 dictio
618 1806 681 1841 est
713 1800 1068 1851 Demosthenica).
1103 1802 1234 1851 ὥσπερ
1266 1802 1354 1851 γὰρ,
1379 1802 1414 1839 εἴ
1439 1817 1493 1841 τις
1527 1801 1568 1839 ἐκ
1599 1802 1664 1838 τοῦ
1696 1802 1806 1839 καθε-

305 1859 489 1905 στηκότος
521 1860 665 1907 κόσμου
690 1857 733 1896 τὸ
757 1862 839 1908 φῶς
861 1856 1004 1906 ἐξέλοι,
1028 1857 1217 1908 δυσχερὴς
1239 1857 1299 1895 καὶ
1319 1855 1494 1908 χαλεπὸς
1516 1856 1613 1897 ἅπας
1636 1856 1656 1894 ὁ
1677 1856 1807 1894 λειπό-

303 1929 419 1962 μειος
446 1913 494 1953 ἂν
517 1915 607 1963 ἡμῖι
627 1914 714 1962 βίος
744 1913 908 1964 γέιοιτο,
932 1914 1028 1952 οὕτω
1050 1916 1169 1952 τῶνδε
1196 1916 1271 1951 τῶν
1293 1913 1442 1963 ἀνδρῶν
1463 1910 1781 1961 ἀναιρεθέντων’
1765 1928 1807 1950 εν

305 1970 428 2008 ‹radi-u>
457 1970 518 2009 καὶ
543 1970 672 2024 πολλῇ
703 1970 887 2008 δυσκλεία
915 1972 989 2010 πᾶς
1020 1971 1039 2007 ὁ
1070 1968 1143 2019 πρὸ
1172 1971 1238 2007 τοῦ
1267 1968 1383 2017 ζηλος
1409 1971 1484 2007 τῶν
1508 1966 1716 2016 Ελληνων
1742 1966 1807 2017 γέ-

306 2041 433 2074 γονευ.
498 2012 703 2072 Meminit,
727 2025 803 2064 nisi
824 2039 888 2064 1110
910 2024 1026 2073 fallit,
1052 2024 1134 2063 Pe]
1137 2023 1223 2063 ielis
1251 2023 1291 2062 in
1313 2022 1539 2077 epitaphio,
1562 2028 1610 2062 ut
1631 2022 1806 2071 videtur,

307 2080 431 2120 dicti:
465 2098 534 2131 την
562 2083 724 2131 νεότητα
753 2098 823 2130 την
843 2082 1092 2131 ἀπολομένην
1118 2082 1160 2119 ἐν
1181 2083 1230 2133 τῷ
1262 2080 1418 2132 πολέμῳ
1447 2081 1563 2120 οὕτως
1592 2079 1809 2130 ἠφανισθαι

307 2138 346 2174 ἐκ
377 2139 441 2185 τῆς
469 2139 634 2184 πόλεως,
658 2138 788 2187 ὥσπερ
815 2139 851 2176 εἴ
878 2153 933 2178 τις
964 2137 1006 2175 τὸ
1037 2137 1103 2186 ἔαρ
1133 2138 1174 2175 ἐκ
1204 2121 1268 2174 rios)
1300 2137 1475 2175 ἐνιαυτοῦ
1503 2134 1629 2184 ἐξέλοι
1654 2134 1802 2187 (AriSt.

307 2191 429 2231 Rhet.
454 2206 493 2245 3,
520 2195 617 2243 10.).
680 2192 800 2242 Quod
830 2206 903 2231 suo
924 2193 1047 2231 modo
1068 2192 1322 2231 declamator
1348 2191 1390 2229 in
1418 2191 1662 2230 immensum
1695 2190 1807 2230 miri-

306 2247 380 2286 fice
402 2247 641 2300 amplificat.

366 2303 414 2341 P.
441 2305 559 2357 1396.
586 2314 706 2357 1397.
739 2303 979 2343 Transactis
1010 2303 1198 2342 laudibus
1224 2303 1313 2355 jam
1349 2306 1639 2356 peroraturum
1671 2306 1807 2342 orato-

307 2373 394 2398 rem
415 2359 594 2412 opinere.
657 2360 786 2398 Recte
808 2363 853 2398 tu
877 2358 1052 2411 quidem,
1080 2359 1112 2397 si
1143 2359 1263 2411 hujus
1294 2357 1493 2398 orationis
1523 2362 1671 2397 auctor
1698 2362 1809 2397 esset

309 2415 626 2455 Demosthenes.
688 2415 769 2454 Sed
805 2429 925 2468 quem
961 2429 1087 2467 supra
1119 2414 1294 2454 vidimus
1333 2428 1524 2467 perverse
1562 2428 1649 2453 rem
1681 2418 1808 2467 atque

307 2475 577 2525 praepostere
608 2475 801 2524 agentem
829 2470 893 2509 hic
921 2484 1084 2523 quoque
1115 2470 1170 2509 sic
1202 2471 1251 2510 de
1283 2485 1430 2510 caussa
1458 2469 1629 2523 digredi,
1651 2474 1698 2509 ut
1725 2484 1808 2509 non

307 2527 441 2567 aliena
469 2527 634 2581 quidem
665 2542 690 2566 a
717 2531 808 2567 toto
839 2531 1099 2580 argumento,
1123 2527 1195 2566 sed
1223 2541 1272 2566 ea
1297 2541 1404 2566 nunc
1438 2525 1601 2565 demum
1630 2539 1807 2565 comme-

309 2588 455 2629 moret,
479 2598 583 2637 quae
610 2584 696 2636 jam
728 2583 883 2622 dudum
913 2587 1010 2622 ante
1037 2583 1397 2622 commemoranda
1427 2586 1562 2630 er,ant
1593 2581 1807 2634 haudqua-

311 2654 434 2692 quam
466 2639 615 2678 mirum
649 2643 723 2679 est.
786 2638 949 2678 Scilicet
982 2638 1117 2692 peigit
1153 2639 1370 2692 explicare,
1407 2637 1556 2691 quibus
1588 2637 1720 2676 modis
1754 2637 1808 2677 ad

309 2700 473 2735 tantam
495 2695 549 2735 illi
572 2695 834 2748 perienerint
856 2694 1063 2734 virtutem.
1127 2694 1190 2733 De
1213 2710 1294 2748 qua
1314 2709 1357 2733 re
1379 2708 1505 2747 quum
1528 2695 1565 2745 ξ.
1589 2695 1647 2733 16.
1672 2692 1808 2732 dicere

308 2751 571 2799 instituisset,
594 2756 636 2791 et
666 2756 778 2791 reete
809 2751 974 2804 quidem
1002 2754 1167 2790 secutus
1196 2752 1264 2800 τὴν
1301 2751 1418 2799 αὐτὴν
1445 2752 1512 2788 τοῦ
1539 2751 1660 2800 λόγου
1687 2748 1806 2798 τάξιν,

308 2808 404 2858 ἥπερ
425 2809 565 2858 ὑπῆρξε
587 2811 653 2846 τοῦ
674 2810 764 2857 βίου
785 2808 942 2855 τούτοις,
966 2820 1046 2845 11011
1068 2806 1180 2859 prius
1203 2806 1301 2860 quid
1323 2805 1476 2846 virtute
1507 2820 1593 2853 sua,
1617 2805 1688 2844 sed
1709 2818 1807 2857 quo-

310 2864 432 2901 modo
462 2863 659 2903 virtutem
691 2863 823 2916 ipsam
856 2867 993 2902 essent
1023 2863 1213 2911 assecuti,
1248 2877 1298 2903 ex
1331 2861 1440 2902 omni
1473 2865 1592 2915 parte
1627 2861 1807 2900 debebat

310 2919 606 2959 demonstrare.
673 2919 809 2972 Ipsum
841 2918 964 2959 etiam
998 2919 1106 2972 quod
1136 2934 1243 2959 nunc
1275 2918 1396 2959 affert
1426 2921 1716 2971 argumentum
1746 2916 1807 2955 ita
