1925 3215
620 115 674 149 IN
710 115 1134 151 1)1·2.xl‹›s‘1·111·3N1·]M.

170 215 259 248 vas-it
306 215 449 248 morbus
500 226 559 258 per
600 214 852 258 expeditionem

170 261 373 294 'l‘hracicam
402 272 453 304 13,
482 272 511 293 2.
549 261 718 304 impurus,
754 261 853 304 perfi-

173 306 250 343 dus.
284 308 443 351 perjurus
471 307 662 350 appellatur
695 318 744 349 11),
766 320 852 351 9sq.

171 353 376 386 ambitiosus
405 363 458 395 23,
484 363 533 386 10.
572 352 671 385 amici
696 353 770 396 ejus
797 365 853 385 co-

172 399 270 431 mites
292 399 422 437 lascivi,
449 398 627 436 luxuriosi,
650 398 772 442 perditi
800 410 853 442 23,

178 455 226 477 12.
264 445 438 488 Epistolae
465 445 539 488 ejus
566 446 640 484 185.
671 446 747 487 238.
775 455 852 486 250.

173 492 250 524 280.
272 493 348 534 283.
383 496 629 532 argumentum
648 491 810 533 epistolae
836 503 854 523 a

173 536 333 581 Philippo
358 536 479 580 legatis
498 536 764 569 Atheniensium
792 536 851 569 ad-

173 583 272 619 ditae,
301 595 319 616 a
346 595 428 626 pace
456 582 606 621 condita,
635 583 734 625 cujus
759 582 854 616 faber

174 629 363 662 Aeschines
393 629 614 672 potissimum
642 628 764 667 fuerat,
792 628 852 661 do-

173 687 270 709 mum
297 674 522 708 redeuntibus
549 683 628 718 352,
658 685 708 707 11.
752 674 854 708 Initio

174 722 270 765 regni
288 733 368 754 cum
386 722 521 764 Argaeo
540 719 770 763 pugnandum
795 720 853 753 ha-

173 767 287 806 bebat,
303 768 361 812 qui
378 767 486 800 fretus
505 766 770 799 Atheniensium
789 779 854 810 ope

175 813 417 846 Macedoniam
452 812 515 845 sibi
550 812 753 855 arrogabat;
798 825 853 845 ve-

173 865 370 893 rumtamen
388 859 480 897 vicit,
503 864 541 891 ut
567 857 742 891 blanditiis
769 870 853 892 usus

174 905 404 939 Athenienses
438 904 480 937 ab
515 905 651 947 Argaeo
687 904 855 937 abstraxit

173 952 252 991 660,
275 951 551 995 13.plu1imu1n
573 949 639 983 sibi
664 950 706 983 ad
734 956 853 993 poten-

173 998 256 1032 tiam
281 1003 517 1049 terroremque
543 996 595 1029 sui
620 996 748 1039 profuit
775 996 853 1035 hoc,

174 1043 267 1088 quod
302 1044 375 1087 ipse
417 1053 558 1076 suarum
601 1053 716 1075 lerum
759 1043 853 1076 solus

174 1089 347 1129 conscius,
366 1089 501 1127 arbitei,
520 1087 732 1133 gubernator
750 1095 853 1122 etex-

174 1141 312 1170 secutor
336 1147 396 1180 per
417 1147 452 1168 se
478 1141 567 1167 esset
595 1145 674 1177 3ος,
698 1134 751 1167 26
787 1136 853 1168 01-11

173 1182 386 1215 lentissimus
428 1181 553 1214 dicitur
593 1181 675 1213 artis
719 1180 854 1214 blandi-

174 1227 311 1265 menti&
366 1227 497 1266 officiis,
549 1226 853 1270 pollicitationibus

175 1275 257 1307 alios
293 1273 355 1307 sibi
391 1271 629 1316 obstringendi
660 1278 761 1317 atque
789 1273 853 1306 cir-

175 1319 417 1353 cumveniendi
454 1318 552 1360 1468,
584 1328 638 1362 27.
688 1319 748 1352 ubi
784 1319 853 1353 De-

175 1366 373 1399 mosthenes
388 1366 537 1398 multum
553 1364 617 1397 sibi
632 1364 737 1398 fuisse
748 1377 852 1399 usum

176 1412 325 1456 Philippi
359 1412 403 1445 ait
436 1412 471 1444 in
504 1410 735 1454 legationibus
770 1412 852 1456 reip.

174 1470 257 1502 ergo
284 1458 327 1491 ad
355 1470 432 1491 eum
468 1457 582 1490 obitis.
622 1469 656 1500 p.
680 1465 778 1502 1477,
802 1468 852 1500 15.

175 1504 301 1538 dieitur
327 1503 515 1538 secundam
542 1503 718 1536 fortunam
749 1504 854 1538 scisse

176 1550 351 1584 moderate
370 1556 472 1594 atque
488 1549 639 1582 humane
657 1549 755 1582 ferre.

132 1596 324 1641 Philippus,
356 1597 537 1630 nauclerus
566 1604 643 1638 743,
674 1606 725 1639 19.
758 1597 855 1637 1188,

179 1653 233 1676 20.

132 1689 325 1733 Philippus,
344 1689 444 1722 istius
466 1691 616 1724 naucleri
635 1690 738 1729 filius,
757 1701 857 1734 aegre

177 1735 298 1779 capitis
317 1734 502 1768 discrimen
519 1737 641 1781 effugit
661 1746 737 1781 743,
755 1747 806 1769 12.

132 1781 313 1824 Philippus
346 1781 574 1816 Androtionis
588 1783 788 1861 Sstudiosus
826 1789 857 1815 et

178 1839 238 1870 per
255 1839 334 1860 eum
353 1833 475 1878 potens
494 1827 572 1872 605

133 1873 325 1917 Philippus,
341 1885 400 1918 qm
417 1885 452 1906 111
471 1885 593 1908 caussa
588 1830 750 1918 8Aphobi
764 1874 858 1907 testi-

178 1919 336 1952 monium
355 1918 486 1952 dixerat
503 1920 582 1964 851,
597 1932 651 1953 22.

136 1964 316 2004 Philiscus,
347 1965 425 2010 Ab)
428 1965 550 2002 denus
582 1967 616 1999 in
654 1966 858 1999 Ariobarza-

180 2011 233 2044 nis
263 2011 409 2054 gratiam
439 2002 554 2045 Attica
588 2013 722 2046 civitate
752 2011 859 2045 dona-

180 2063 249 2094 tus,
284 2056 430 2090 ductans
471 2058 596 2091 milites
630 2058 860 2091 mercenarios

180 2102 325 2136 vexabat
353 2102 501 2136 Graecas
527 2104 680 2137 civitates
704 2103 783 2143 666,
806 2115 857 2148 19.

181 2154 355 2200 peremtus
390 2155 441 2182 est
474 2161 493 2182 a
522 2149 661 2183 duobus
694 2150 858 2194 Lampsa-

181 2194 286 2234 cenis,
316 2194 534 2240 lhersagora
560 2203 662 2241 atque
693 2196 861 2229 Execesto

181 2240 263 2274 ibid.
294 2252 372 2285 pen.
401 2242 566 2275 aceriiino
593 2242 863 2287 persequebatur

182 2286 261 2320 odio
279 2287 509 2321 Athenienses
528 2288 654 2327 688,1.

137 2333 346 2371 philistides,
381 2333 464 2367 Orei
498 2334 532 2367 in
570 2334 712 2368 Euboea
745 2341 861 2379 ῑ)11111-

182 2390 249 2412 nus
267 2390 286 2412 a
305 2379 465 2423 Philippo
483 2381 693 2414 constitutus
712 2391 824 2425 119,2

187 2424 328 2463 126,11.
355 2425 432 2466 248,
454 2435 505 2469 15.
534 2438 594 2470 per
607 2426 863 2477 expeditionem

183 2477 322 2503 auctore
350 2471 587 2505 Demosthene
613 2484 648 2505 in
685 2472 862 2505 Euboeam

183 2522 381 2560 susceptam
403 2516 632 2551 Athenienses
658 2518 863 2551 Philistiden

183 2562 368 2605 ejecerunt,
399 2562 541 2607 ejusque
574 2564 716 2607 legatos,
744 2563 862 2596 hostes

184 2608 267 2651 reip.
287 2607 488 2647 declaratos,
507 2608 592 2641 urbe
607 2609 770 2642 excedere
789 2609 864 2653 jus-

186 2659 316 2691 serunt,
335 2664 422 2697 quos
446 2654 636 2687 Aeschines
663 2654 757 2688 domi
783 2667 864 2688 suae

185 2699 304 2742 recipit
323 2710 401 2742 252,
420 2708 471 2743 17.
491 2706 524 2732 et
542 2711 597 2744 23.

141 2744 239 2778 Philo
256 2744 457 2784 Fhebanus,
477 2745 576 2789 cujus
600 2745 643 2778 ad
665 2745 866 2790 Philippum

186 2789 311 2823 nobilis
336 2796 439 2835 atque
464 2791 694 2825 memorabilis
721 2792 867 2825 refertur

187 2835 295 2869 oratio
313 2836 392 2879 384,
411 2836 463 2869 16.

142 2881 252 2920 Philo,
288 2892 385 2915 socer
411 2881 606 2919 Aeschinis,
636 2883 742 2916 homo
773 2882 867 2915 dives

188 2938 266 2971 329,
287 2937 337 2969 ¹5·

1537 115 1625 148 1491

906 215 1138 253 philochares,
1190 215 1293 248 frater
1340 214 1520 248 Aeschinis
1563 226 1629 256 414

950 273 1024 304 pen.
1070 262 1179 305 pictor
1220 261 1296 298 suit,
1332 261 1357 293 si
1405 261 1630 294 Demostheni

949 307 1112 345 creditur,
1147 307 1435 343 contemnendus,
1467 307 1493 339 si
1530 307 1630 339 scho-

949 354 1076 391 liastae,
1098 354 1208 397 Apelli
1227 361 1259 386 et
1284 352 1427 386 Zeuxidi
1452 365 1629 397 compara-

949 399 1026 432 bilis
1047 411 1126 443 415,
1146 411 1178 442 3.

905 445 1085 484 Philocles,
1108 445 1158 478 vir
1185 445 1372 489 popularis,
1399 452 1444 484 et,
1472 452 1509 478 ut
1535 445 1629 478 vide-

948 497 1015 530 tur,
1059 491 1167 524 exsilii
1213 503 1355 524 consors
1400 491 1629 524 Demostheni

954 540 1050 578 1482,
1067 539 1099 570 S.

904 583 1113 616 Philocrates
1147 583 1378 625 (Eleusinios)
1412 583 1628 617 adversarius

952 629 1196 662 Demosthenis
1215 640 1294 672 310,
1314 640 1364 662 10.
1387 633 1463 673 783,
1480 641 1534 662 21.

905 674 1126 713 Philocrates,
1151 675 1402 717 (llagnusius),
1423 676 1477 708 ille
1503 682 1554 708 tot
1579 683 1627 709 te-

948 721 1008 754 tris
1023 733 1041 754 a
1059 721 1293 754 Demosthene
1312 721 1533 763 stigmatibus
1552 734 1628 765 per-

949 774 1048 800 ustus
1073 774 1105 800 ct
1123 767 1317 806 confossus,
1337 768 1550 809 rogationem
1573 774 1628 800 tu-

948 814 985 846 lit
1003 819 1041 846 ut
1062 813 1220 857 Philippo
1239 825 1308 846 una
1328 825 1408 846 cum
1427 813 1629 858 Amphipoli

949 871 1014 902 pax
1055 859 1301 892 concederetur
1342 860 1397 895 82,
1423 870 1477 892 22.
1513 861 1568 903 83,
1597 871 1614 893 2

947 911 1067 938 auctor
1085 905 1249 938 orationis
1268 905 1309 938 de
1333 905 1536 939 Halonneso
1554 918 1627 939 mo-

949 950 1032 984 dum
1068 951 1230 994 proponit
1266 951 1358 984 illius
1393 952 1487 995 pacis
1523 953 1628 985 corri-

947 996 1080 1040 gendae
1100 997 1143 1041 76
1161 1009 1212 1042 sq.
1247 997 1427 1031 colludens
1453 1009 1533 1030 cum
1561 999 1629 1031 Ae-

949 1042 1068 1076 schine
1094 1043 1286 1076 commodis
1318 1043 1466 1087 Philippi
1496 1043 1629 1077 studuit

950 1100 1027 1133 230,
1048 1100 1102 1133 23.
1121 1100 1200 1133 343,
1221 1100 1275 1123 2ο.
1312 1096 1344 1123 et
1363 1090 1561 1133 saepissime
1578 1091 1628 1123 lo-

949 1147 1069 1168 corum
1089 1147 1148 1179 per
1166 1136 1259 1169 illam
1277 1142 1383 1168 totam
1404 1135 1446 1169 de
1461 1136 1629 1179 flagitiose

948 1188 1046 1224 gesta
1066 1188 1099 1215 et
1126 1194 1303 1226 perperam
1330 1183 1434 1215 relata
1458 1183 1629 1223 legatione

948 1228 1151 1261 orationem.
1178 1228 1220 1261 ad
1240 1240 1357 1271 pacem
1373 1240 1452 1261 cum
1470 1228 1630 1272 Philippo

949 1273 1220 1308 contrahendam
1239 1273 1431 1307 secundum
1451 1274 1629 1308 Aristode-

948 1331 1058 1359 mum,
1093 1320 1253 1371 primum
1290 1326 1478 1360 auctorem,
1514 1320 1630 1354 Philo-

949 1372 1057 1399 crates
1092 1366 1249 1410 inprimis
1276 1365 1435 1399 hortatus
1465 1372 1517 1399 est
1552 1378 1630 1410 232,

954 1423 1004 1445 10.
1039 1412 1197 1456 impurus
1223 1419 1255 1446 et
1281 1412 1393 1445 audax
1419 1422 1550 1456 345,1.
1576 1424 1629 1456 23.

951 1458 1223 1491 Demosthenem
1243 1458 1284 1491 de
1305 1470 1412 1503 aquae
1435 1465 1519 1502 potu
1542 1458 1630 1492 deri-

949 1504 1017 1543 det,
1033 1516 1068 1537 se
1081 1504 1188 1548 jactat
1206 1504 1340 1549 sibique
1358 1504 1491 1548 plaudit
1508 1506 1630 1538 vinum

950 1551 1082 1594 potanti
1099 1561 1179 1594 355,
1200 1562 1254 1594 23.
1280 1551 1314 1583 111
1333 1551 1518 1584 formulam
1537 1552 1630 1595 pacis

949 1608 1028 1629 cum
1073 1596 1233 1640 Philippo
1271 1603 1466 1630 contractae
1507 1604 1631 1641 sponte

950 1654 1023 1681 sua,
1043 1643 1152 1676 inscio
1171 1644 1300 1687 populo
1326 1649 1358 1676 et
1383 1643 1520 1687 injussu
1544 1644 1630 1687 ejus,

950 1689 1142 1722 clausulam
1184 1695 1321 1733 turpem
1363 1690 1488 1732 pariter
1529 1696 1631 1734 atque

950 1735 1088 1768 noxiam
1107 1735 1232 1779 ingerit
1249 1735 1328 1779 356,
1353 1746 1403 1778 15.
1438 1736 1510 1780 ipse
1523 1736 1631 1780 jacta-

951 1780 1019 1819 bat,
1039 1793 1126 1825 quae
1152 1793 1170 1814 a
1198 1781 1355 1825 Philippo
1373 1781 1465 1814 dona
1481 1782 1632 1825 accepis·

951 1833 1001 1859 set
1015 1837 1094 1871 377,
1113 1828 1164 1860 18.
1192 1827 1458 1860 Atheniensium
1474 1829 1632 1861 omnium

951 1872 1077 1906 dicitur
1094 1873 1383 1917 flagitiosissimus
1402 1880 1434 1906 et
1448 1873 1632 1917 impuden-

951 1919 1105 1952 tissimus
1124 1930 1203 1963 405,
1220 1930 1271 1960 14.
1298 1926 1430 1962 partem
1447 1919 1633 1963 Olynthio-

952 1976 1029 1997 rum
1071 1965 1161 1998 bello
1196 1972 1376 2009 captorum
1414 1977 1433 1998 a
1472 1965 1633 2010 Philippo

953 2010 1045 2044 dono
1063 2011 1142 2044 tulit
1160 2022 1239 2052 440,
1254 2022 1274 2055 5
1290 2023 1339 2056 sq.

908 2056 1108 2096 Philomela,
1129 2057 1316 2090 Pandionis
1335 2057 1403 2090 filia
1425 2067 1508 2110 1397
1529 2070 1608 2109 pen:

909 2102 1133 2143 Philomelus,
1178 2103 1407 2142 Paeaniensis,
1450 2105 1550 2148 cujus
1598 2104 1634 2137 in

953 2161 1042 2193 equo
1068 2156 1192 2182 mutuo
1218 2156 1334 2182 sumto
1366 2149 1494 2183 Midias
1525 2151 1634 2194 magi-

955 2201 1066 2228 strum
1093 2196 1232 2229 militiae
1257 2196 1426 2241 equestris
1459 2208 1565 2240 agens
1598 2197 1635 2228 in

954 2242 1091 2284 pompis
1109 2241 1300 2275 vehebatur
1316 2252 1395 2286 571,
1414 2255 1446 2283 4.

910 2286 1110 2326 Philondas,
1140 2288 1368 2332 Megarensis,
1399 2288 1547 2321 Athenis
1575 2288 1635 2321 ha-

955 2333 1070 2367 bitans
1088 2340 1128 2367 ut
1145 2334 1337 2378 inquilinus
1360 2346 1458 2379 1191,
1474 2345 1529 2378 27.

855 2407 861 2413 .
911 2379 1124 2419 Philonicus,
1156 2380 1286 2413 Eubuli
1316 2392 1458 2413 caussae
1490 2380 1635 2424 implici-

955 2432 1024 2464 tus,
1070 2426 1113 2458 ab
1157 2426 1407 2470 Aristophonte
1453 2432 1638 2459 accusatur

956 2482 1036 2515 434,
1056 2482 1110 2504 21-

912 2517 1124 2555 Philonides,
1140 2517 1334 2550 Melitensis
1352 2517 1432 2559 831,
1451 2518 1484 2549 S.

912 2562 1154 2602 Philostratus,
1189 2569 1314 2601 orator,
1349 2563 1491 2606 adoptat
1528 2562 1637 2596 Phae-

957 2609 1103 2652 nippum
1125 2618 1224 2649 1045,
1243 2617 1294 2649 15.

913 2654 1155 2692 Philostratus,
1192 2654 1351 2698 Dionysii
1393 2653 1496 2693 filius,
1534 2653 1637 2687 Colo-

957 2700 1074 2732 nensis
1102 2699 1289 2732 acerrimus
1321 2699 1491 2732 Chabriae
1517 2699 1637 2732 adver—

959 2745 1141 2783 sariorum,
1172 2756 1320 2789 eumque
1354 2757 1513 2778 caussam
1548 2745 1639 2788 capi-

960 2791 1061 2823 talem
1088 2802 1191 2834 super
1210 2790 1330 2835 Oropo
1349 2790 1519 2824 dicentem
1537 2791 1640 2824 vehe-

960 2836 1172 2869 mentissime
1190 2836 1277 2869 ursit
1300 2843 1332 2869 et
1349 2837 1534 2880 exagitavit
1559 2846 1639 2880 535,

961 2893 992 2925 9.
1039 2887 1110 2915 erat
1137 2882 1312 2915 familiaris
1342 2882 1462 2927 Lysiae
1495 2883 1641 2915 oratoris

966 2938 1063 2971 1352,
1086 2937 1116 2971 7.
1135 2934 1167 2960 et
1190 2938 1241 2971 15.
