1935 3200
290 139 399 178 1322
678 138 1000 179 ADVERSUS
1048 139 1409 180 CALLICLEM.

285 243 485 283 formulae
520 243 700 295 jurandi,
742 248 853 283 recte
895 243 1040 297 incipit
1089 244 1277 284 narratio
1316 258 1342 284 a
1382 244 1599 297 particulis
1639 244 1662 294 ἦ
1711 243 1799 294 μήν.

292 298 541 339 SOHAEF.

347 357 470 406 1278,
495 367 559 407 25.
584 354 767 406 φάσκειν]
795 355 973 396 Calliclis
995 360 1186 396 matrem.
1220 356 1478 396 SCHAEF.

349 411 469 463 1278,
494 412 560 452 26.
583 411 768 465 τοσαῦτα]
793 412 1059 452 Paucitatem
1080 412 1120 451 11.
1145 412 1170 451 l.
1196 411 1415 466 significat.
1450 412 1709 452 SCHAEP.

348 467 468 519 1278,
490 468 555 507 28.
579 468 741 521 τειχίον]
765 469 911 520 τειχίον
932 472 996 507 cst
1018 468 1074 516 id,
1093 468 1204 521 quod
1226 482 1301 508 nos
1324 468 1521 508 Germani
1543 468 1801 522 appellamus

285 522 400 561 einen
429 522 637 576 ›S‘clmppen
667 531 742 563 aut
771 524 988 578 Schsoppen,
1020 524 1128 564 unde
1160 538 1309 564 nomen
1341 523 1590 564 scabinorum
1621 523 1797 564 exstitit.

288 578 369 618 Est
390 578 432 617 in
453 578 558 618 villis
579 593 677 619 area
697 594 828 620 vacua
850 585 963 621 tecto
991 595 1169 634 superne
1189 580 1353 620 munita
1374 580 1502 620 carris
1523 580 1580 620 ibi
1601 594 1803 634 reponen-

286 634 362 674 dis.
411 636 621 675 Ρονῖιόιιιιι
654 635 819 676 dixeris.
864 637 1066 676 REISK.
1131 637 1347 690 “quodvis
1383 636 1658 690 sepimentum
1693 636 1802 676 circa

284 691 422 730 aulam
450 695 525 731 aut
554 691 732 731 villam.”
792 692 1010 732 Dammius
1034 693 1173 732 Lexic.
1201 693 1373 732 Homer.
1416 692 1507 741 Est,
1531 692 1692 746 opinor,
1713 706 1800 732 ma-

289 746 416 795 ceria,
439 747 489 786 de
511 762 593 800 qua
614 763 650 787 v.
671 761 711 801 3.
746 749 1006 788 SCHAEF.

342 805 529 855 παλαιὸν]
566 804 806 852 Ruinosum,
839 805 946 845 male
978 805 1140 854 fultum,
1172 804 1299 858 tignis
1332 804 1504 845 cariosis
1534 808 1577 844 et
1613 803 1799 844 exilibus.

287 858 480 899 REISK.
526 860 567 899 si
589 861 771 901 maceria
792 861 882 910 fuit,
906 862 956 900 de
978 861 1104 915 tignis
1126 876 1208 900 non
1230 861 1511 915 cogitandum.
1544 861 1799 900 SCHAEF.

345 916 662 970 ἐπῳκοδόμησεν]
696 917 874 957 Vertam
910 918 1058 970 resbais.
1132 917 1373 970 Xenophon
1411 917 1575 956 Hellen.
1606 919 1643 965 6.
1666 930 1705 971 5,
1733 929 1796 958 12.

287 971 348 1010 καὶ
371 973 606 1025 ἐπῳκοδόμει
629 975 669 1012 δὲ
691 977 822 1025 τεῖχος
843 974 980 1021 αὐτῶν,
1003 975 1080 1013 ὅσα
1102 975 1237 1013 ἐδεῖτο.
1274 974 1534 1013 SCHAEF.

347 1037 470 1080 1279,
496 1042 529 1067 1.
565 1028 809 1082 μήτ’-μήτ’]
842 1030 972 1069 Recte
1006 1029 1143 1083 posita
1178 1034 1243 1070 est
1275 1029 1468 1083 negativa
1503 1029 1568 1080 μὴ,
1601 1029 1800 1082 quoniam

286 1083 363 1122 11οο
385 1085 616 1123 membrum
644 1085 798 1138 pendet
818 1086 871 1125 ab
894 1085 1194 1133 enuntiatione,
1217 1087 1335 1138 cujus
1356 1087 1490 1126 forma
1514 1090 1578 1125 est
1600 1084 1800 1126 conditio-

287 1139 403 1186 nafis,
429 1142 461 1179 εἰ
482 1142 699 1192 τειχίον--.
742 1141 795 1180 V.
820 1156 860 1194 p.
883 1143 1001 1189 1281,
1028 1153 1063 1193 7.
1097 1142 1348 1182 SUHAEF.

348 1207 471 1246 1279,
493 1210 530 1249 3.
554 1197 686 1250 ὁπότε]
712 1197 888 1237 Poterat
916 1198 1041 1237 etiam
1064 1200 1097 1237 εἰ
1122 1197 1258 1237 scribi.
1321 1198 1440 1237 Haec
1461 1211 1608 1238 caussa
1629 1202 1706 1246 est,
1728 1212 1801 1238 cur

288 1265 431 1290 rursus
453 1252 646 1305 negativa
666 1253 722 1302 μὴ
744 1258 954 1306 sequatur,
978 1268 1059 1292 non
1082 1254 1138 1293 οὐ.
1174 1254 1422 1294 SOHAEF.

348 1318 469 1361 1279,
496 1321 561 1348 21.
592 1309 794 1363 ἀτίμητον]
821 1309 1006 1350 Subaudi
1035 1311 1154 1359 δίκην,
1178 1310 1289 1363 quod
1316 1310 1421 1350 latet
1449 1308 1491 1348 in
1513 1324 1550 1349 v.
1571 1309 1798 1356 δικάζονται.

289 1363 539 1403 SCHAEF.

347 1432 466 1473 1279,
493 1432 556 1458 22.
594 1421 638 1459 τὸ
669 1421 854 1471 παράπαν
888 1422 1056 1476 ἅπαντα]
1089 1422 1355 1462 Alterutrum
1389 1422 1537 1462 horum
1567 1421 1801 1462 redundare

285 1475 461 1515 videtur.
496 1476 688 1517 REISK.
752 1477 845 1517 Non
876 1478 1097 1518 redundat.
1145 1479 1181 1518 si
1210 1479 1344 1518 omnia
1375 1479 1419 1518 in
1451 1492 1645 1518 ,ςιιιιιηιαηι
1677 1492 1800 1532 σοῃαε.

287 1531 538 1572 SGHAEF.

346 1588 466 1637 1280,
492 1600 527 1641 7.
558 1589 946 1643 ἀποικοδομηθέντος]
985 1590 1150 1630 Scilicet
1178 1594 1245 1629 τοῦ
1275 1592 1425 1632 ὕδατος.
1465 1604 1573 1644 aqua
1603 1589 1802 1644 aedeficiis

286 1643 347 1682 vel
369 1644 570 1684 moenibus
590 1646 776 1698 oppositis
796 1646 964 1685 exclusa..
1026 1646 1116 1686 Aut
1138 1646 1265 1686 etiam
1287 1649 1354 1686 τοῦ
1373 1648 1528 1698 χωρίου.
1566 1646 1663 1686 villa
1684 1646 1801 1699 lmqjus

289 1698 471 1739 Callae'clis
493 1701 680 1740 adversus
701 1702 889 1754 mpetum
910 1716 1035 1755 aquae
1057 1703 1304 1742 eonmz‘zmz’ta.
1338 1702 1531 1742 REISK.
1593 1701 1800 1742 Neutrum

285 1755 476 1804 subaudi,
514 1757 585 1796 sed
621 1757 811 1797 absolute
853 1757 1047 1811 intellige,
1085 1759 1201 1811 quasi
1238 1758 1395 1798 dictum
1436 1758 1491 1798 sit
1527 1759 1800 1808 ἀποικοδομίας

284 1811 507 1861 γενομένης.
569 1812 743 1853 Passiva
769 1813 879 1853 enim
906 1814 1061 1866 passim
1087 1815 1278 1869 usurpari
1307 1814 1638 1868 impersonaliter
1664 1814 1800 1854 obiter

284 1867 425 1906 monui
470 1868 560 1908 Ind.
599 1869 671 1908 Gr.
708 1870 763 1909 ad
804 1870 978 1909 Porsoni
1018 1870 1179 1911 Ilecub.
1218 1886 1257 1924 p.
1284 1885 1375 1923 117.
1413 1870 1511 1911 edit.
1548 1874 1646 1910 tert.
1686 1870 1797 1925 Lips.

287 1922 537 1963 SOHAEF.

346 1980 465 2025 1280,
493 1993 556 2032 15.
580 1980 882 2034 διεφθαρμένον]
910 1983 1044 2022 Mente
1068 1989 1238 2036 captum..
1303 1982 1540 2037 Opponitur
1562 1987 1797 2034 σωφρονεῖν.

287 2034 540 2075 SCHAEF.

345 2092 465 2138 1280,
494 2094 556 2132 16.
583 2094 813 2144 προθυμίαν]
844 2094 1123 2147 (Ῐιιρίιῖἰΐιίῖθιη.
1159 2095 1418 2134 SCHAEF.

345 2148 468 2196 1280,
491 2160 555 2187 21.
588 2150 767 2196 τοιαύτην
797 2149 933 2199 ἑτέραν
961 2151 1085 2203 δίκην]
1114 2150 1255 2201 Qualis
1283 2150 1437 2190 scilicet
1467 2150 1582 2202 prior
1609 2150 1677 2190 illa
1704 2151 1795 2199 fuit,

284 2206 358 2241 aut
381 2203 506 2242 etiam
529 2203 661 2256 qualis
682 2204 784 2243 haec
805 2210 880 2251 est,
904 2220 1010 2257 quae
1032 2220 1138 2245 nunc
1159 2206 1360 2259 agitatur.
1394 2206 1587 2245 REISK.
1650 2207 1797 2247 Poste-

283 2257 369 2296 rius
390 2272 544 2298 verum.
589 2259 642 2298 V.
667 2273 703 2298 v.
730 2272 793 2311 23.
827 2261 1076 2300 SOHAEF.

343 2314 676 2367 ἐπιγραψάμενος]
700 2315 770 2354 Ita
791 2316 1065 2364 machinatus,
1088 2322 1135 2357 ut
1155 2317 1195 2356 in
1223 2316 1346 2356 libelli
1374 2317 1621 2357 accusatorii
1643 2332 1669 2357 a
1689 2331 1733 2358 se
1753 2318 1796 2358 in

284 2368 366 2408 ista
397 2384 544 2409 caussa
571 2370 754 2423 praetori
786 2371 960 2411 exhibiti
988 2372 1125 2412 fronte
1156 2387 1237 2412 non
1264 2387 1414 2420 mcum,
1442 2374 1512 2412 scd
1542 2373 1693 2414 Gallari
1724 2389 1795 2414 no-

284 2438 390 2471 men.
414 2426 519 2465 servi
541 2426 633 2473 mei,
656 2426 910 2466 scriberetur
931 2442 955 2466 a
977 2428 1112 2467 scriba
1132 2429 1308 2481 publico.
1347 2429 1428 2468 Sed
1450 2444 1554 2482 quae
1576 2430 1626 2469 de
1648 2444 1796 2471 caussa

285 2480 436 2520 Callari
462 2487 619 2526 narrat.
641 2481 776 2521 minus
804 2482 1004 2536 intelligo.
1042 2484 1234 2524 REJSK.
1295 2485 1481 2525 Callarus
1508 2485 1671 2526 videtur
1692 2486 1794 2526 villi-

286 2551 358 2575 cus
379 2537 516 2577 fuisse.
551 2539 810 2577 SCHAEF.
857 2538 984 2578 Servo
1007 2554 1132 2592 quum
1154 2542 1235 2590 δίκη
1257 2541 1468 2581 intentata
1489 2541 1654 2590 dicitur,
1676 2541 1794 2583 intel-

283 2592 495 2645 ligendum
517 2598 580 2633 est
601 2594 701 2633 hero
722 2608 911 2634 caussam
931 2596 1136 2648 agendam
1153 2596 1290 2636 fuisse.
1324 2597 1493 2637 Monuit
1517 2598 1792 2638 Schoemann.

285 2648 431 2702 Antiq.
455 2664 494 2702 p.
518 2651 608 2702 189.

346 2706 466 2751 1280,
492 2707 554 2744 26.
596 2707 692 2755 ὑπὲρ
728 2706 1073 2760 (ὒν-δικάζονται]
1112 2707 1285 2748 Resolve
1322 2709 1405 2748 sic:
1449 2708 1663 2755 δικάζονται
1697 2710 1792 2761 ὑπὲρ

284 2761 429 2799 τούτων
456 2761 480 2800 ἃ
501 2761 559 2814 (h.
586 2776 619 2800 e.
644 2763 777 2801 τούτου
804 2762 844 2815 ὃ)
866 2761 1016 2813 φράξας
1045 2764 1064 2801 ὁ
1090 2764 1213 2813 πατὴρ
1235 2764 1359 2804 πλέον
1385 2763 1407 2814 ἦ
1428 2765 1702 2804 πεντεκαίδεκα
1728 2765 1792 2815 ἔτη

288 2816 446 2865 ἐπεβίω.
477 2817 573 2867 ὑπὲρ
595 2819 648 2856 ὢν
669 2831 881 2870 compares
903 2831 996 2856 cum
1017 2818 1231 2858 notissimo
1254 2820 1337 2859 ἀνθ’
1360 2822 1424 2860 ὧν,
1459 2820 1719 2859 SCHAEF.

345 2871 466 2921 1281,
497 2884 536 2924 3.
578 2873 1172 2928 ὅστις-προσκαταγνώσεται]
1216 2876 1324 2917 ὅστις
1364 2875 1576 2928 καταγνοὺς
1613 2876 1704 2925 ἐμοῦ
1744 2877 1791 2914 τὰ
