1925 3215
837 767 969 813 LIV.

585 897 683 949 IN
740 894 1221 949 CONONEM.

709 1065 1091 1093 ,ψ-

205 1184 493 1225 Hoxomrlcmi
517 1186 734 1226 Plutarchi
758 1188 809 1227 de
840 1187 917 1226 hac
945 1186 1134 1226 oratione
1152 1182 1353 1237 judicium
1391 1181 1657 1236 apposuimus

147 1241 189 1281 in
222 1242 340 1282 initio
370 1242 693 1282 annotationum
723 1244 777 1283 ad
803 1243 1035 1283 orationem
1068 1240 1399 1295 praecedentem.
1463 1239 1527 1278 De
1552 1244 1656 1278 tem-

147 1312 247 1351 pore
278 1299 365 1351 ejus
395 1298 621 1352 probabilis
648 1304 712 1339 est
741 1299 950 1339 sententia
972 1297 1153 1338 Clintoni
1180 1296 1296 1336 Fast.
1323 1295 1432 1334 Hell.
1454 1295 1530 1334 vol.
1557 1307 1593 1334 2.
1615 1310 1654 1348 p.

147 1357 243 1406 361.
288 1355 416 1394 “The
444 1369 566 1394 cause
597 1357 692 1394 κατὰ
714 1357 894 1396 Κόνωνος
917 1370 997 1394 was
1025 1355 1064 1393 in
1093 1354 1164 1394 the
1191 1352 1306 1392 third
1335 1365 1436 1404 year
1465 1352 1574 1390 after
1604 1365 1658 1390 an

148 1410 398 1463 expedition,
431 1425 478 1449 or
507 1411 661 1457 march,
695 1416 739 1451 to
772 1412 1006 1451 Pauactus:
1040 1426 1079 1463 p.
1108 1421 1223 1461 1257,
1252 1422 1291 1457 4.
1325 1407 1541 1456 ἐξήλθομεν
1572 1408 1658 1449 ἔτος

147 1467 252 1505 τουτὶ
272 1467 400 1516 τρίτον
422 1469 475 1508 εἰς
498 1467 704 1506 Πάνακτον
724 1471 893 1518 φρουρᾶς
914 1468 1003 1517 ἡμῖν
1025 1466 1328 1517 προγραφείσης·
1363 1463 1565 1516 probany
1587 1463 1659 1502 the

147 1536 260 1561 same
282 1522 521 1575 expedition
546 1537 591 1562 as
616 1523 710 1563 that
732 1523 864 1562 which
896 1523 929 1562 is
960 1522 1124 1562 noticed
1154 1521 1195 1560 in
1218 1519 1433 1559 Demosth.
1458 1519 1508 1558 de
1530 1521 1554 1558 f.
1578 1519 1654 1572 leg.

147 1592 187 1631 p.
202 1580 299 1628 446,
315 1592 354 1631 3.
378 1580 462 1618 ἀντὶ
483 1582 549 1617 τοῦ
570 1579 835 1629 τὸνὨρωπὸν
854 1580 943 1629 ἡμῖν
965 1580 1202 1626 ἀποδοθῆναι
1223 1577 1310 1626 περὶ
1333 1579 1489 1625 Δρυμοῦ
1513 1575 1573 1614 καὶ
1594 1578 1659 1624 τῆς

148 1634 242 1683 πρὸς
264 1635 455 1688 Πανάκτῳ
478 1635 604 1686 χώρας
633 1635 717 1685 μεθ’
733 1637 866 1674 ὅπλων
889 1633 1140 1687 ἐξερχόμεθα.
1202 1631 1303 1671 This
1324 1631 1523 1670 occurred
1550 1632 1658 1670 after

149 1690 222 1730 the
242 1704 367 1743 peace
388 1690 487 1730 with
510 1690 645 1744 Philip
668 1691 828 1745 Olymp.
852 1692 939 1739 108,
966 1703 987 1730 2
1012 1690 1140 1743 (13.0.
1164 1689 1300 1741 346),
1321 1688 1405 1727 and
1424 1687 1565 1726 before
1586 1687 1658 1727 the

148 1759 272 1786 cause
307 1749 639 1797 παραπρεσβείας,
670 1747 831 1801 Olymp.
858 1761 949 1800 109,
975 1759 1010 1785 2.
1036 1747 1103 1797 (B.
1122 1746 1165 1786 G.
1189 1746 1308 1797 343.)
1371 1743 1460 1782 The
1493 1743 1658 1783 oration

147 1802 357 1842 therefore
381 1803 539 1856 ayctc'nst
562 1804 692 1842 Conon
718 1818 814 1857 may
834 1804 885 1843 be
913 1803 1059 1855 placed
1090 1806 1135 1842 at
1166 1801 1297 1840 about
1324 1800 1396 1839 the
1426 1813 1525 1852 year
1545 1812 1660 1852 343„

150 1872 197 1898 or
218 1873 318 1898 soon
340 1859 485 1898 afterf'

210 1973 332 2026 1256,
352 1986 387 2011 Ι.
404 1971 642 2022 ζὙβρισθεὶς,
667 1970 695 2011 ὦ
717 1973 854 2020 ἄνδρες
882 1971 1071 2015 δικασταὶ,
1097 1969 1157 2008 καὶ
1178 1969 1313 2009 παθὼν
1327 1968 1401 2023 -]
1433 1967 1549 2008 Citat
1570 1967 1609 2007 h.
1633 1968 1658 2008 l.

150 2028 360 2068 Aristides
380 2028 501 2080 Τέχν.
523 2043 562 2081 p.
590 2030 684 2069 226.
726 2026 919 2066 REISK.

215 2086 331 2137 1256,
358 2097 392 2123 2.
426 2085 550 2124 πολὺν
581 2086 725 2136 χρόνον
756 2083 869 2133 πάνυ]
906 2081 1006 2122 πάνυ
1041 2082 1095 2121 ad
1130 2081 1256 2120 πολὺν
1286 2079 1560 2120 referendum.
1612 2079 1661 2120 ἂν

149 2141 256 2189 ὑμεῖς
285 2141 416 2191 βραχύ
446 2141 484 2179 τί
510 2157 575 2189 μοι
606 2143 789 2189 πεισθῆτε
820 2139 921 2178 πάνυ
949 2151 1128 2192 p.1430,
1152 2151 1190 2191 3.
1253 2136 1377 2176 Plato
1401 2136 1530 2190 Hipp.
1557 2136 1660 2189 Maj.

149 2209 189 2249 p.
214 2196 307 2236 282.
330 2196 440 2236 HSt.
467 2198 509 2235 ἐν
531 2198 651 2248 ὀλίγῳ
682 2197 809 2248 χρόνῳ
838 2195 938 2234 πάνυ
966 2195 1090 2233 πλέον
1111 2193 1132 2243 ἢ
1162 2193 1402 2242 πεντήκοντα
1433 2194 1494 2232 καὶ
1524 2193 1662 2233 ἑκατὸν

148 2255 245 2301 μνᾶς
267 2253 519 2304 εἰργασάμην.
563 2251 814 2292 SCHAEF.

217 2310 339 2361 1256,
368 2319 406 2361 5.
439 2309 507 2357 τὴν
535 2309 642 2358 δίκην
669 2311 734 2357 τῆς
766 2308 888 2348 αἰκίας
918 2319 1011 2346 eum
1041 2305 1241 2353 articulis,
1274 2319 1356 2344 non
1388 2305 1495 2354 δίκην
1522 2305 1660 2351 αἰκίας,

151 2362 270 2410 dixit,
306 2364 403 2417 quia,
437 2364 592 2403 crimen
627 2364 844 2403 definitum
879 2367 922 2403 et
957 2366 1054 2402 ante
1092 2365 1463 2402 commemoratum
1498 2365 1585 2400 est:
1624 2375 1660 2400 v.

154 2419 426 2459 Sehoemann.
449 2420 502 2460 ad
526 2420 690 2460 Isaeum
710 2435 750 2473 p.
776 2432 869 2473 231.

214 2487 259 2513 12
265 2476 332 2528 56,
355 2487 414 2515 10.
436 2477 620 2526 γραφαῖς]
647 2476 761 2516 Citat
782 2476 820 2515 h.
838 2475 862 2514 l.
883 2474 1199 2528 Harpocration
1220 2488 1258 2513 v.
1282 2471 1431 2524 Γραφή.
1483 2471 1661 2511 Necesse

153 2544 315 2582 quoque
336 2535 401 2570 est
421 2535 469 2570 ut
490 2530 598 2570 idem
619 2531 659 2570 h.
681 2532 707 2571 l.
727 2531 770 2571 in
790 2536 930 2571 mente
955 2530 1149 2571 habuerit
1174 2529 1216 2568 in
1237 2543 1274 2568 v.
1287 2528 1455 2578 ”Απαγε,
1478 2527 1556 2566 nisi
1578 2541 1661 2566 me-

151 2585 283 2625 moria
303 2600 397 2625 eum
411 2586 616 2635 fefellerit,
633 2592 681 2627 ut
698 2587 804 2627 hano
826 2587 1058 2627 orationem
1078 2600 1154 2639 pro
1170 2585 1251 2624 alia
1267 2583 1429 2623 citaret.
1463 2582 1658 2622 REISK.

154 2640 203 2680 In
235 2647 374 2682 niente
406 2641 600 2681 habuisse
631 2657 751 2683 nemo
784 2643 1010 2691 dubitabit,
1040 2642 1110 2695 qui
1143 2637 1445 2693 Lexicographi
1477 2637 1660 2692 glossam

150 2695 313 2750 legerit.
357 2697 605 2737 SCHAEF.

215 2754 331 2806 1256,
352 2766 413 2806 13.
437 2754 559 2804 δίκην]
595 2753 709 2793 Oitat
730 2753 768 2792 h.
791 2754 816 2793 l.
840 2752 1155 2807 Harpocration
1175 2765 1211 2790 v.
1239 2752 1350 2797 Δίκη.
1393 2747 1590 2789 REISK.

214 2810 332 2861 1256,
356 2809 416 2848 16.
438 2809 460 2858 ἡ
480 2811 578 2858 μετὰ
599 2807 696 2848 τοῦτ’
715 2809 919 2860 ἀσέλγεια]
954 2809 1008 2848 V.
1032 2823 1072 2861 p.
1096 2809 1212 2858 1265,
1237 2817 1273 2845 2.
1317 2804 1513 2844 REISK.

156 2874 340 2959 ΒΕ1125Ξξ
363 2874 602 2918 5.-1259,
634 2875 699 2917 23.
741 2864 857 2905 Oitat
898 2863 1121 2916 Dionysius
1153 2861 1231 2901 vol.
1265 2862 1303 2900 6.
1334 2875 1374 2913 p.
1408 2860 1656 2915 986—992.
