1935 3200
302 144 413 187 1276
676 141 999 183 ADVERSUS
1038 140 1429 181 TIMOTHEUM.

366 248 482 299 1187,
511 257 572 300 15.
602 245 789 286 Ἀλκέτου
821 246 881 285 καὶ
910 244 1104 297 Ἰάσονος]
1148 244 1354 291 Alcetam,
1384 248 1577 284 octavum
1614 241 1810 282 Macedo-

304 303 397 342 niae
424 317 575 356 regem,
605 316 687 341 non
715 306 818 355 puto
844 300 1018 354 intelligi
1043 299 1109 339 hic
1137 314 1272 353 posse,
1303 300 1374 339 sed
1405 299 1531 340 alium
1562 298 1810 352 quempiam,

304 358 525 411 Epirotam
566 358 767 405 fortassis,
811 357 1045 409 Tharrytae
1087 356 1147 403 F„
1190 356 1402 409 Arymbae
1440 359 1617 408 patrem.
1677 353 1706 393 J
1709 368 1811 393 ason

305 414 527 453 Thessalus
549 413 651 453 satis
684 418 807 452 notus
839 416 903 452 est
928 426 949 451 e
973 412 1269 465 Xenophonte.
1297 410 1484 451 WOLF.
1545 410 1610 449 De
1633 414 1813 462 utroque

304 484 340 508 v.
365 468 557 509 Schneid.
581 469 635 508 ad
658 468 855 521 Xenoph.
879 467 903 507 l.
929 482 963 506 c.
988 469 1023 520 ξ.
1050 480 1111 507 10.
1137 471 1179 506 et
1210 480 1267 519 ¹3·

369 538 381 563 1
400 525 485 576 187,
514 536 575 575 17.
608 527 650 564 ἐν
671 525 864 565 τοιαύταις
892 523 922 563 δ’
946 522 1080 572 ὤν’-ἡ
1101 524 1174 572 μὲν
1194 525 1268 572 γὰρ
1291 541 1322 561 κ.
1345 538 1377 560 τ.
1401 523 1457 572 λ.]
1490 521 1569 560 Est
1596 521 1814 560 ἆνανταπό-

305 584 419 620 δοτον
451 584 525 620 aut
564 580 801 630 ὑπέρβατον.
865 577 1063 631 Sequitur
1098 578 1206 617 enim
1243 576 1481 630 longissimo
1515 576 1730 616 intervallo
1770 590 1810 628 p.

310 637 431 688 1189,
474 649 506 676 1.
543 637 627 675 τότε
661 637 729 675 οὖν
765 635 1076 686 ἀναγκαζόμενος
1116 634 1328 680 δανείζεται
1367 635 1433 673 τὰς
1472 635 1603 684 χιλίας
1642 633 1816 683 δραχμὰς

307 710 337 731 κ.
359 708 389 730 τ.
406 698 444 730 λ.
469 691 651 731 WOLF.
698 690 752 730 ὢν
773 691 968 730 cohaeret
989 703 1081 728 011111
1104 690 1313 736 δανείζεται
1335 703 1374 742 p.
1398 702 1404 726 1
1424 688 1512 733 188,
1541 689 1603 727 18.
1638 686 1815 727 Caetera

305 747 442 787 omnia
464 752 561 786 sunt
583 747 803 800 interjecta
850 745 1041 785 REISK.

370 817 378 842 1
398 804 485 854 187,
506 816 570 842 20.
602 805 644 842 ἐν
665 803 798 855 πεδίῳ]
826 801 1008 841 Videtur
1030 802 1162 840 πεδίου
1183 800 1394 853 appellata
1414 798 1540 838 fuisse
1560 797 1674 852 regio
1691 812 1815 850 quae-

306 859 403 898 dam
442 858 532 912 agri
575 858 725 898 Attici.
760 857 951 897 REISK.
1027 856 1079 896 V.
1123 856 1281 895 Anecd.
1335 855 1466 894 Bekk.
1507 869 1546 907 p.
1577 866 1670 906 293.
1707 857 1814 893 extr.

308 914 560 954 SOHAEF.

368 983 381 1009 1
397 970 489 1017 188,
511 983 575 1021 23.
607 968 916 1022 διαπελθόντων]
942 968 1096 1008 Rarius
1123 967 1305 1006 verbum.
1358 965 1554 1005 Recurrit
1574 980 1613 1018 p.
1636 978 1754 1018 1199,
1774 966 1812 1003 6.

309 1027 570 1066 SCHAEF.

368 1082 486 1133 1189,
512 1094 576 1121 20.
599 1084 664 1130 τῆς
688 1079 886 1132 τραπέζης]
912 1080 953 1133 τῇ
973 1078 1135 1132 τραπέζῃ
1158 1078 1211 1116 Α.
1230 1092 1261 1117 r.
1288 1077 1444 1116 Placet.
1491 1076 1545 1115 V.
1568 1091 1607 1130 p.
1632 1077 1727 1127 946,
1752 1088 1813 1125 14.

305 1139 560 1187 ἐπικαθῆσθαι
592 1138 654 1176 ἐπὶ
690 1139 752 1185 τῆς
784 1135 969 1186 τραπέζης
995 1139 1071 1182 est,
1099 1133 1257 1187 opinor,
1286 1133 1413 1172 sedere
1441 1134 1484 1171 in
1516 1146 1672 1171 mensa:
1706 1131 1817 1184 quod

305 1193 383 1232 huc
420 1207 503 1232 non
536 1192 730 1246 quadrat.
771 1190 1006 1239 καθημένους
1041 1191 1103 1229 ἐπὶ
1141 1192 1185 1244 τῇ
1221 1188 1386 1242 τραπέζῃ
1420 1203 1456 1240 p.
1487 1190 1604 1239 1196,
1636 1189 1711 1234 16„
1746 1186 1815 1226 ubi

304 1249 449 1289 eadem
470 1248 703 1301 scripturae
724 1246 942 1286 diversitas
965 1250 1113 1285 notata
1132 1250 1207 1284 est.
1241 1243 1490 1284 SCHAEF.

369 1318 490 1358 ¹¹90,
522 1318 550 1344 1.
582 1321 630 1353 με
662 1302 928 1354 ἐμβαλέσθαι]
965 1300 1135 1341 Correxi
1158 1314 1207 1340 ex
1232 1301 1282 1339 A.
1306 1299 1356 1349 μὴ
1380 1299 1638 1349 ἐμβαλέσθαι.
1701 1298 1818 1338 Idem

307 1365 371 1400 est
386 1375 435 1400 ao
456 1360 489 1399 Si
507 1359 682 1399 dixisset
703 1358 997 1408 παρεκρούσατό
1015 1373 1075 1406 με,
1095 1358 1196 1395 ὥστε
1216 1356 1267 1405 μὴ
1289 1355 1547 1404 ἐμβαλέσθαι.
1579 1354 1727 1406 decepit
1746 1368 1815 1400 me,

305 1417 545 1470 quofactum
566 1422 619 1455 est
639 1422 682 1454 ut
703 1414 765 1453 m'l
784 1427 964 1453 carmem
986 1412 1176 1452 inseri—.
1209 1411 1403 1450 REISK.
1468 1410 1627 1449 Verum
1648 1414 1751 1463 puto
1766 1409 1817 1459 μὴ

308 1472 581 1521 ἐμβαλέσθαιε
616 1470 693 1510 11181
715 1471 823 1509 forte
844 1473 1068 1521 utrumque
1084 1468 1264 1521 jungens
1285 1466 1403 1506 malis
1423 1483 1471 1516 με
1487 1466 1537 1516 μὴ
1557 1465 1817 1515 ἐμβαλέσθαι.

310 1528 452 1567 Minus
474 1532 587 1567 recte
603 1531 744 1566 autem
762 1524 954 1565 Reiskius
971 1524 1293 1572 τοῦ-διαιτητὴν
1309 1522 1623 1575 interpretatur.
1657 1520 1819 1574 Quippe

307 1584 408 1623 haec
450 1583 638 1623 infinitivi
681 1580 937 1621 constructio
979 1579 1187 1631 significat
1228 1578 1454 1625 consilium,
1496 1592 1577 1616 non
1614 1577 1816 1616 effectum.

310 1640 465 1679 Verte:
499 1640 612 1678 IVam
633 1645 675 1677 ut
705 1638 786 1689 ejus
816 1632 1077 1676 testimoniata
1098 1635 1211 1686 apud
1238 1633 1435 1673 arbitrmn
1465 1647 1512 1672 ne
1542 1633 1745 1672 insererem
1775 1632 1820 1670 in

308 1695 500 1743 echinum,
521 1694 679 1747 fi'aucle
695 1693 881 1746 perfecit,
904 1706 991 1731 cum
1022 1690 1235 1730 identidem
1266 1690 1536 1729 dictitaret—.
1569 1687 1818 1728 SGHAEF.

311 1751 403 1789 Non
426 1765 528 1804 opus
550 1749 617 1789 illo
637 1749 703 1799 μή.

372 1820 487 1856 1190,
513 1818 549 1846 2.
597 1805 690 1855 πρὸς
728 1804 796 1843 τὸν
836 1802 1049 1854 διαιτητὴν]
1093 1801 1124 1840 I.
1161 1816 1198 1854 q.
1240 1801 1335 1852 πρὸς
1376 1802 1426 1854 τῷ
1466 1802 1636 1853 διαιτητῇ
1678 1813 1714 1837 v.
1760 1800 1818 1836 16.

313 1862 557 1903 SCHAEF.

368 1917 674 1970 παρεκρούσατο]
699 1917 739 1956 S.
764 1918 784 1955 ὁ
806 1913 1054 1964 Ἀντιφάνης.
1082 1912 1271 1952 WOLF.

374 1987 490 2025 1190,
513 1983 551 2027 5.
583 1970 861 2024 προσκληθεὶς]
899 1971 997 2009 Cum
1027 1974 1285 2008 arcesseremr
1306 1966 1480 2016 (scilicet
1511 1965 1565 2005 ad
1595 1964 1820 2015 arbitrum)

311 2030 436 2074 domo,
461 2032 555 2080 (non
576 2029 680 2067 enim
693 2025 884 2081 prodibat
913 2025 955 2063 ‘in
980 2023 1182 2078 publicam
1211 2036 1330 2076 neque
1355 2023 1418 2062 sui
1445 2022 1488 2061 in
1511 2020 1671 2074 publico
1692 2034 1820 2059 conve-

310 2085 448 2124 meruli
468 2084 589 2124 (labat
609 2084 865 2137 copiam,)—.
901 2080 1094 2119 REISK.

375 2154 388 2180 1
408 2154 495 2191 190,
513 2142 552 2178 6.
574 2140 647 2179 ὑπὸ
668 2138 842 2190 τουτουΐ]
869 2137 907 2175 Α
932 2135 1165 2174 Timotheo.
1200 2133 1450 2173 SCHAEF.

378 2209 494 2249 1190,
515 2196 551 2233 8.
576 2193 731 2246 τούτου]
755 2196 822 2232 τοῦ
842 2191 1046 2240 Τιμοθέου.
1078 2189 1323 2229 SCHAEF.

371 2251 537 2300 ἑσπέρας
567 2250 635 2299 ἤδη
664 2247 800 2300 οὔσης]
838 2247 1060 2298 Quousque
1094 2244 1380 2296 Antiphanem
1414 2246 1667 2282 testaturum
1702 2255 1820 2294 prae-

314 2305 455 2347 stolati
478 2308 610 2343 erant.
644 2302 889 2343 SOHAEF.

375 2373 494 2412 1190,
523 2370 584 2413 15.
617 2358 817 2409 ἀργύριον]
852 2356 1062 2395 Videntur
1092 2354 1201 2393 tituli
1235 2356 1501 2392 MAPTTPIA
1537 2356 1573 2390 H
1607 2354 1821 2392 ΕΞΩΜΟ-

317 2421 402 2459 >HA
425 2414 602 2456 addendi
625 2427 724 2453 esse.
759 2410 1073 2452 SAUPPIUS.

376 2485 389 2510 1
405 2485 494 2522 190,
520 2482 579 2521 17.
607 2468 800 2520 δανεῖσαι]
831 2466 994 2506 Scilicet
1016 2470 1179 2517 patrem
1200 2478 1334 2503 meum
1360 2462 1591 2502 Pasionem.
1626 2461 1819 2500 REISK.

380 2540 495 2580 1190,
526 2527 586 2564 18.
627 2523 757 2575 αὐτὸν]
796 2522 1020 2573 Quisnam?
1053 2519 1295 2559 Timotheus
1328 2533 1380 2558 an
1417 2518 1650 2557 nauarchus
1689 2517 1819 2555 Boeo-

315 2583 424 2623 tius?
457 2582 607 2620 Putem
629 2579 819 2632 equidem
842 2577 1097 2617 Timotheus.
1130 2574 1320 2614 REISK.
1373 2575 1463 2626 Ego
1484 2587 1565 2611 non
1589 2572 1711 2612 item:
1745 2585 1820 2611 nec

317 2638 535 2691 quisquam
555 2635 660 2675 alius
680 2638 814 2688 putet.
878 2631 1064 2671 Primum
1086 2630 1193 2669 enim
1215 2630 1258 2669 τὸ
1279 2629 1502 2669 ὑποτιθέναι
1523 2633 1587 2667 est
1607 2631 1674 2666 τοῦ
1698 2630 1821 2666 δανει-

315 2693 499 2743 ζομένους
533 2691 694 2737 deinde,
726 2689 759 2728 si
792 2687 1035 2728 Timotheus
1070 2685 1361 2739 intelligendus
1393 2688 1514 2730 esset,
1547 2682 1669 2722 scribi
1704 2695 1822 2734 opor-

317 2752 457 2789 tuerat
478 2747 563 2786 sine
585 2744 827 2800 pronomine
847 2743 1050 2783 ὑποθεῖναί
1068 2747 1179 2791 φησι.
1214 2742 1325 2780 SCH
1338 2740 1471 2778 ΑΕΒ.

382 2818 392 2844 1
410 2816 498 2857 190,
520 2815 583 2853 24.
607 2800 663 2840 ἐπ’
684 2800 865 2840 Ἀστείου
886 2798 1088 2849 ἄρχοντος]
1115 2796 1275 2849 Olymp.
1300 2809 1388 2842 101,
1406 2807 1445 2843 4.

380 2872 497 2908 1191,
522 2871 554 2896 1.
589 2855 837 2907 αἰτήσασθαι]
866 2852 1059 2893 Recurrit
1081 2852 1251 2891 verbum
1273 2866 1307 2890 v.
1331 2861 1368 2903 5.
1396 2854 1438 2889 et
1466 2859 1525 2900 17.
1579 2848 1632 2887 V.
1657 2851 1744 2887 not.
1767 2845 1821 2886 ad

318 2930 357 2968 p.
380 2925 495 2966 1155,
518 2923 551 2964 7.
587 2911 841 2951 SCHAEF.
