1935 3200
336 139 446 181 1366
883 141 945 180 IN
979 140 1295 180 NEAERAM.

327 247 433 294 dem,
457 245 553 299 quia
573 249 714 285 tamen
736 245 925 300 sequitur
946 246 970 285 ὃ
991 246 1078 285 οὔτε
1101 245 1259 297 ἐγένετο
1272 269 1340 293 -,
1362 259 1467 298 quae
1497 245 1716 286 manifesto
1737 259 1830 298 pro-

326 302 431 342 bant
460 301 786 341 Demosthenem
816 301 882 340 hio
914 301 1040 352 ἔλεγε,
1078 315 1159 340 non
1192 301 1328 353 ἔλαχε,
1359 315 1591 354 usurpasse,
1626 301 1718 341 ideo
1749 315 1831 340 ser-

324 372 426 397 vans
453 357 568 408 ἕλεγε
593 356 734 396 malim
755 357 824 407 τὴν
845 358 952 406 δίκην
973 356 1099 396 deleri
1129 361 1204 397 aut
1235 356 1291 396 516
1322 356 1425 410 legi:
1462 358 1577 408 ἔλεγε
1604 358 1741 409 λαχὼν
1761 356 1832 405 τὴν

326 414 444 463 δίκην.
487 412 574 452 Vel:
609 413 725 464 ἔλεγε
754 415 860 463 παρὰ
886 413 956 462 τὴν
977 414 1096 462 δίκην.
1131 413 1334 452 REISK.
1396 413 1510 463 ἔλεγε
1531 413 1600 462 τὴν
1622 414 1728 462 δίκην
1748 426 1831 451 non

326 474 498 516 tentem5
537 468 722 520 quamvis
762 468 942 508 1115016115
987 468 1151 521 phrasis
1187 468 1388 508 videatur.
1434 469 1692 508 SCHAEF.
1764 467 1831 507 Sic

328 525 474 564 Isaeus
503 539 529 577 p
562 537 629 573 40,
646 537 708 577 13.
732 523 773 566 ὃς
796 525 911 575 ἔλεγε
932 524 1002 573 τὴν
1026 525 1133 572 δίκην
1153 526 1249 574 ὑπὲρ
1270 525 1415 563 τούτου.
1458 524 1513 563 ad
1544 539 1664 577 quem
1695 523 1831 563 locum

325 579 598 619 Schoemann.
620 595 659 633 p.
686 592 778 629 240.
801 580 884 619 alia
914 579 1061 619 attulit
1093 579 1280 633 exempla
1309 579 1430 627 Isaei‚
1455 579 1653 619 Dinarchi
1680 583 1723 619 et
1745 579 1831 618 Iso-

326 635 466 684 cratis,
499 640 742 688 comparabo
774 636 900 676 etiam
931 636 1038 685 δίκην
1065 637 1187 675 εἰπεῖν
1213 636 1323 688 apud
1353 635 1479 674 Hom.
1505 635 1551 674 Il.
1577 636 1636 684 18,
1659 645 1755 689 507.
1789 639 1832 674 et

327 692 513 745 Theogn.
537 692 632 743 696.

386 749 508 800 1348,
534 748 592 786 18.
624 747 1177 798 μεμισθωμένος-ἀργύριον
1207 747 1395 798 εἰληφὼς]
1433 745 1513 786 Vel
1543 746 1620 785 1106
1642 746 1702 785 vel
1733 746 1832 785 illud

323 803 486 856 glossae
508 802 640 842 simile
656 803 845 843 videtur:
875 803 1125 843 alterutrum
1147 816 1258 842 sane.
1292 802 1325 841 T
1331 803 1368 841 A
1378 801 1550 841 YLOR.
1599 801 1716 842 Talia
1737 802 1831 842 huic

324 859 481 898 oratori
503 859 620 898 facile
642 859 885 898 condonem.
931 859 1190 898 SCHAEF.

389 915 505 967 1348,
537 927 601 954 21.
635 917 675 954 ἐκ
706 913 993 968 πεντακοσίων]
1043 914 1208 954 Scilicet
1238 913 1400 965 ψήφων.
1444 913 1647 952 REISK.
1712 913 1831 964 Quod

323 971 515 1010 additum
547 970 587 1009 in
618 970 733 1010 libris
764 976 828 1011 est
859 974 1041 1022 δραχμῶν
1066 969 1252 1009 defendit
1275 969 1650 1009 Forchhammerus
1681 969 1722 1008 in
1751 969 1831 1009 dis-

324 1027 553 1067 sertatione
585 1026 635 1066 de
667 1026 822 1080 judicio
853 1027 907 1066 ad
934 1026 1166 1065 Palladium
1203 1025 1313 1064 nullo
1344 1029 1531 1079 tempore
1562 1025 1726 1078 ephetis
1756 1026 1829 1066 ad-

325 1083 483 1135 scripto
507 1082 667 1134 (Kilon.
689 1084 829 1136 1845.)
852 1097 893 1135 p.
917 1094 984 1135 35.
1006 1082 1057 1121 (16
1079 1096 1239 1121 summa
1265 1081 1463 1134 pecuniae
1484 1081 1731 1134 intelligens,
1751 1096 1833 1135 qua

328 1139 567 1192 Stephanus
595 1143 817 1191 corruptus
846 1138 985 1177 fuerit.
1034 1137 1193 1177 Verum
1220 1137 1261 1176 id
1293 1137 1559 1177 manifestum
1581 1142 1645 1176 est
1673 1137 1730 1177 sic
1752 1137 1831 1177 dici

326 1209 407 1234 non
430 1194 627 1248 potuisse.
690 1194 835 1234 Delevi
857 1197 1038 1246 δραχμῶν
1055 1207 1148 1232 611111
1170 1192 1354 1241 Reiskio,
1375 1192 1660 1233 consentiente
1682 1193 1832 1233 Schoe-

327 1265 479 1290 manno
502 1250 647 1303 Antiq.
672 1250 783 1303 publ.
808 1265 845 1303 p.
872 1262 963 1302 295.

393 1307 512 1359 1348,
548 1319 611 1359 25.
650 1310 694 1360 τῇ
731 1304 907 1360 ἀδελφῇ]
954 1305 1122 1345 Scilicet
1162 1308 1226 1354 τῆς
1267 1306 1358 1355 ἐμῆς
1398 1306 1589 1355 γυναικός.
1636 1304 1829 1345 REISK.

331 1363 463 1402 lmmo
485 1363 530 1417 τῇ
552 1364 633 1412 ἐμῇ.
696 1362 825 1402 Recte
847 1361 1052 1401 intellexit
1075 1361 1269 1401 Reiskius
1290 1376 1329 1414 p.
1350 1373 1469 1413 1349,
1491 1371 1530 1413 5.
1573 1360 1831 1401 SCHAEF.

391 1419 509 1471 1348,
546 1429 611 1470 27.
644 1420 694 1471 τῷ
725 1417 893 1472 ὑστέρῳ]
939 1417 1013 1456 1110
1049 1418 1100 1456 (16
1136 1416 1308 1457 muliere
1346 1415 1553 1469 Aphidnis
1594 1416 1828 1458 interemta.

329 1474 523 1514 REISK.

390 1531 509 1584 1348,
528 1531 592 1572 28.
615 1532 947 1581 παρακαλούντων
964 1530 1008 1580 δή
1028 1532 1149 1583 με-]
1175 1529 1321 1570 Malim
1339 1529 1500 1569 inverso
1517 1529 1684 1569 ordine:
1713 1546 1832 1581 προσ-

328 1589 466 1626 ιόντων
487 1586 531 1636 δή
561 1603 625 1635 μοι
656 1586 838 1626 ἁπάντων
867 1587 928 1626 καὶ
957 1588 1288 1638 παρακαλούντων
1317 1603 1365 1636 με
1390 1586 1451 1625 ἐπὶ
1479 1587 1662 1636 τιμωρίαν
1692 1586 1832 1636 τραπέ-

328 1646 432 1682 σθαι.
468 1642 659 1682 WOLF.
724 1642 803 1682 Vel
834 1642 994 1695 potius:
1031 1643 1362 1693 παρακαλούντων
1393 1641 1437 1691 δή
1466 1658 1514 1691 με
1545 1641 1727 1681 ἁπάντων
1758 1643 1833 1695 ἰδίᾳ

327 1699 570 1749 προσιόντων
596 1715 672 1748 μοι.
730 1699 828 1737 Cum
859 1698 937 1745 illi,
969 1699 1039 1751 qai
1074 1712 1135 1737 me
1161 1697 1362 1751 privatim
1393 1696 1646 1745 convem‘rent,
1680 1699 1834 1749 (neces-

327 1754 424 1793 sarii
456 1753 536 1794 mei
567 1758 610 1793 et
639 1753 862 1794 familiares
893 1754 1066 1807 utique‚)
1091 1754 1343 1793 hortarentur
1362 1754 1420 1792 ad
1444 1753 1621 1805 injurias
1652 1753 1833 1793 ulciscen-

327 1811 413 1849 das.
442 1810 518 1849 TA
528 1810 702 1849 YLOR.
764 1810 891 1863 Vulg.
913 1811 1241 1861 παρακαλούντων
1263 1810 1307 1859 δή
1327 1826 1375 1859 με
1397 1808 1578 1848 ἁπάντων
1600 1810 1686 1862 ἰδίᾳ,
1708 1826 1829 1860 προσ-

329 1868 467 1905 ιόντων
494 1866 538 1905 τέ
560 1883 625 1916 μοι
655 1867 716 1905 ἐπὶ
745 1867 929 1916 τιμωρίαν
943 1890 1009 1905 —.
1074 1865 1221 1905 Malim
1252 1865 1308 1905 516
1334 1864 1531 1918 distingui
1554 1869 1597 1904 et
1626 1864 1728 1918 legi:
1761 1882 1833 1905 πα-

326 1923 604 1972 ρακαλούντων
626 1921 670 1971 δή
695 1939 744 1971 με
772 1922 964 1969 ἁπάντων,
993 1923 1067 1974 ἰδίᾳ
1094 1923 1338 1973 προσιόντων
1359 1922 1454 1971 ἐμοὶ,
1479 1921 1539 1960 ἐπὶ
1567 1922 1752 1971 τιμωρίαν
1764 1945 1831 1960 —-.

331 1979 429 2017 Ceam
450 1978 580 2031 itaque
607 1992 665 2017 me
690 1992 816 2017 omnes
837 1978 881 2017 in
902 1978 1080 2031 privatis
1106 1984 1140 2017 et
1165 1976 1434 2030 εἰηοηῖανίόιιε
1461 1975 1726 2030 σοηῃνεεεῖόιιε
1745 1976 1832 2016 kor-

326 2041 510 2073 tcm’entm'
529 2035 711 2074 (mmmm
736 2034 794 2073 acl
818 2033 1002 2073 ultionem
1022 2033 1237 2073 advertere.
1272 2033 1472 2072 REISK.
1538 2032 1656 2071 Idem
1677 2032 1833 2071 dudum

328 2089 541 2142 placuerat
564 2089 753 2143 Tayloro.
820 2089 886 2129 Sic
917 2094 1059 2129 autem
1090 2089 1264 2129 delenda
1294 2088 1556 2142 hypostigme
1586 2092 1682 2142 post
1707 2088 1832 2128 ἁπάν-

327 2162 416 2184 των.
479 2146 708 2185 Praeterea
730 2149 920 2198 praestat
941 2145 1063 2184 scribi
1084 2146 1327 2196 προσιόντων
1347 2161 1434 2195 μοι.
1479 2144 1738 2183 SCHAEF.

389 2214 507 2252 1349,
530 2214 569 2252 5.
593 2201 807 2254 κηδεστῶν]
844 2201 986 2240 Possit
1016 2201 1120 2240 bene
1151 2200 1304 2239 habere
1325 2200 1466 2248 videri,
1489 2199 1567 2238 nisi
1589 2199 1833 2252 praecessis-

329 2260 394 2295 set
422 2257 619 2306 ἀδελφῆς;
652 2270 749 2294 nam
784 2257 962 2305 κηδεσταὶ
990 2261 1087 2295 sunt
1121 2269 1237 2294 socer
1272 2260 1314 2294 et
1349 2270 1506 2295 socrus.
1574 2255 1656 2294 Sed
1691 2268 1833 2294 socrus

328 2311 485 2351 actoris
507 2316 598 2350 erat
620 2311 749 2363 ipsius
778 2325 895 2349 soror
914 2316 957 2350 et
985 2311 1086 2350 haec
1116 2324 1234 2349 soror
1257 2311 1380 2350 modo
1409 2315 1734 2350 commemorata
1753 2310 1832 2350 fuit

327 2366 553 2420 sigillatim.
615 2366 753 2416 Quare
788 2366 929 2405 malim
965 2370 1160 2415 κηδεστοῦ,
1193 2370 1241 2405 ut
1275 2366 1329 2405 ad
1365 2366 1496 2405 solum
1528 2366 1832 2419 Apollodorum

326 2423 484 2463 redeat.
519 2421 712 2461 REISK.
775 2421 925 2472 Quidni
956 2422 1061 2460 bene
1091 2422 1245 2461 habeat
1278 2422 1460 2474 pluralis,
1491 2421 1569 2462 etsi
1604 2421 1833 2474 praecessit

327 2479 526 2529 ἀδελφῆςὲ
547 2492 628 2530 pro
656 2491 785 2517 sorore
815 2483 848 2516 ct
877 2477 1027 2524 soceris,
1054 2477 1093 2515 11.
1115 2491 1151 2516 6.
1173 2491 1248 2530 pro
1278 2491 1433 2525 sorore,
1455 2492 1562 2530 quae
1592 2482 1657 2517 est
1688 2478 1832 2517 eadem

328 2548 485 2580 socrus,
508 2538 551 2573 et
571 2548 646 2586 pro
668 2547 822 2573 socerO.
888 2532 1052 2572 Scilicet
1073 2533 1227 2572 sororis
1249 2547 1396 2573 caussa
1415 2534 1492 2573 hoc
1513 2533 1646 2587 magis
1669 2534 1833 2587 agenda

326 2594 430 2636 erat,
455 2589 566 2643 quod
587 2589 731 2629 eadem
753 2593 862 2628 esset
883 2603 1036 2628 socrus
1083 2590 1342 2628 SCHAEF.

389 2659 509 2699 1349,
534 2647 571 2685 6.
597 2645 970 2695 τὴν-ἀσεβοῦσαν]
1008 2644 1115 2683 Nam
1147 2648 1193 2684 ut
1224 2649 1417 2685 matrona
1448 2646 1517 2698 jus
1547 2645 1732 2684 habebat
1762 2659 1832 2684 cu-

328 2701 447 2741 randi
470 2715 600 2741 sacra.
645 2700 890 2740 SOHAEF.

395 2770 512 2811 1349,
529 2758 591 2796 16.
616 2757 792 2809 ἑταιρῶν]
832 2756 899 2795 Sic
921 2755 1046 2795 etiam
1069 2755 1109 2794 in
1132 2756 1289 2796 Anecd.
1316 2757 1447 2796 Bekk.
1469 2771 1508 2809 p.
1533 2769 1623 2807 140,
1645 2766 1684 2809 5.

383 2814 606 2863 ἠσεβηκότα
627 2813 659 2851 δ’
677 2814 729 2854 εἰς
749 2812 835 2853 τοὺς
856 2810 985 2865 θεοὺς]
1019 2811 1370 2852 Communicando
1392 2826 1512 2852 sacra
1533 2825 1625 2851 cum
1657 2810 1830 2851 homini—

330 2870 421 2915 bus,
443 2869 497 2908 ad
520 2882 621 2922 quos
644 2883 725 2907 non
747 2867 969 2921 pertinent.
1016 2867 1261 2907 SOHAEF.

390 2936 590 2978 1349717.
623 2928 697 2963 τῶν
721 2925 851 2974 αὑτοῦ]
890 2923 1054 2963 Scilicet
1087 2925 1251 2964 δικαίων.
1287 2923 1471 2963 WOLF.
1537 2922 1701 2963 Scilicet
1733 2924 1827 2974 ἀγα-
