1935 3200
272 113 373 149 1488

317 213 482 246 Libanius
508 225 642 257 argum.
675 215 838 248 orationis
865 215 994 259 primae

314 260 349 292 in
369 259 598 303 Olynthiacis.

269 305 413 343 Onetor,
435 305 638 345 Philonidis,
660 312 698 339 ut
723 306 871 346 videtur,
891 307 992 347 filius,

315 351 507 384 Melitensis
534 352 613 394 831,
635 352 666 385 8.
694 352 772 394 856,
798 353 852 386 26.
891 353 994 386 frater

314 402 384 430 erat
402 397 519 429 uxoris
539 397 679 441 Aphobi
697 398 776 442 853,
799 410 826 431 1.
852 399 993 444 quicum

314 443 462 482 collusit,
489 454 558 487 quo
587 444 857 477 Demosthenem
888 446 992 488 patri-

313 488 431 521 monio
457 489 654 532 spoliarent,
672 497 710 522 ut
732 490 891 533 pluribus
911 503 989 524 con-

314 539 381 567 stat
404 546 445 567 ex
472 540 557 567 orat.
582 535 617 567 in
645 536 832 569 Onetorem
856 537 993 580 gemina

313 591 333 613 a
364 592 397 623 p.
418 579 496 622 864.
535 580 577 613 ad
605 582 684 614 880.
715 582 924 627 reliquisque
957 583 992 616 in

314 626 504 669 Aphobum
524 626 634 659 dictis.

269 671 526 711 Onomarchus,
569 672 640 705 dux
683 673 927 713 Phocensium,
974 686 993 707 a

315 717 474 761 Philippo
500 718 536 751 in
565 719 742 752 Thessalia
769 719 881 753 victus
912 732 991 764 443,

316 772 355 787 â€ž2

267 809 503 854 Ophrynium,
529 810 698 854 oppidum
721 811 897 851 Thraciae,
925 818 990 845 ter-

311 867 367 888 rae
384 862 482 888 motu
500 868 657 889 eversum
677 858 755 901 899,
774 868 803 890 1.

267 901 529 934 Orchomenum
557 908 589 935 et
616 902 809 936 Coroneam
835 903 991 937 Thebani

312 959 331 980 a
350 947 510 991 Philippo
528 948 758 990 impetrabant
776 948 830 987 62,
854 948 905 982 16.
933 950 988 994 69,

315 1004 366 1026 10.
403 993 492 1026 hanc
510 1000 542 1026 et
559 994 726 1037 Thespias
746 1006 825 1027 cum
846 996 989 1029 Plataeis

311 1038 552 1072 destruxerant
584 1040 753 1080 Thebani,
796 1042 989 1085 superiores

310 1085 391 1118 facti
416 1085 451 1117 in
475 1085 564 1118 bello
591 1097 672 1118 cum
700 1086 988 1127 Lacedaemoniis,

311 1142 443 1170 verum,
462 1143 583 1164 rursus
609 1133 808 1165 restauratis
834 1133 911 1172 illis,
931 1133 988 1166 de-

309 1176 536 1210 bilitabantur
555 1188 633 1221 203,
653 1190 685 1219 4.
720 1190 794 1211 03111
817 1179 909 1212 refici
935 1191 988 1212 as-

310 1222 408 1255 sidue
438 1222 588 1256 instabat
624 1223 878 1257 Demosthenes
910 1226 986 1264 208,

314 1269 365 1301 18.
410 1268 603 1312 Philippus,
621 1269 701 1302 belli
724 1269 860 1302 Phocici
878 1271 987 1304 victor

309 1313 431 1353 factus,
461 1325 535 1347 eam
570 1314 759 1348 devastavit
792 1322 824 1349 et
856 1316 985 1351 incolas

309 1359 374 1393 sub
393 1372 520 1393 corona
546 1360 700 1394 vendidit
725 1370 804 1405 375,
827 1373 879 1395 11.
906 1373 985 1407 445,

310 1416 362 1438 21.
403 1406 579 1439 Thebanis
602 1407 716 1440 solum
739 1407 879 1441 donavit
906 1410 986 1452 385,

309 1460 338 1494 5.
361 1451 403 1484 de
420 1452 531 1495 prima
547 1453 738 1486 vastatione
755 1465 834 1497 490,
853 1465 902 1488 10.

263 1496 403 1530 Orestes
431 1510 589 1531 caussam
612 1498 777 1533 adversus
804 1499 922 1534 Furias
951 1502 986 1534 in

309 1544 403 1576 curia
426 1544 667 1588 Areopagitica
694 1545 799 1579 vincit
826 1546 904 1588 641,
930 1556 984 1591 27.

308 1589 386 1631 644,
402 1601 456 1631 24-

262 1634 395 1668 Oreum
438 1636 618 1680 Philippus
663 1636 856 1680 proditione
897 1639 986 1682 cepit

307 1692 378 1714 non
405 1683 514 1714 multo
537 1688 615 1715 ante
643 1682 769 1716 dictam
796 1684 984 1717 orationem

308 1726 349 1759 de
377 1727 479 1760 rebus
507 1728 542 1760 in
571 1727 813 1761 Cherrhoneso
844 1741 899 1773 94,
933 1742 983 1774 13.

310 1783 385 1814 104,
404 1774 436 1806 8.
465 1785 539 1817 113,
557 1785 608 1815 24.
650 1774 741 1807 Oreo
769 1775 985 1809 Philistidem

306 1824 493 1862 tyrannum
522 1820 688 1863 imposuit
721 1831 796 1865 119,
820 1832 873 1854 22.
909 1822 984 1862 126,

307 1875 339 1907 3.
378 1876 453 1909 133,
485 1875 539 1910 27.
584 1866 813 1899 Athenienses
847 1874 985 1901 auctore

307 1910 556 1949 Demosthene,
572 1913 679 1956 copiis
697 1924 736 1945 eo
754 1913 882 1953 missis,
903 1914 984 1947 Phi-

305 1956 456 1990 listidem
483 1957 700 2001 depulerunt,
725 1959 867 2003 ejusque
892 1960 983 2003 lega-

305 2008 359 2035 tos
386 2003 421 2035 in
448 2003 570 2036 urbem
597 2005 725 2037 missus
752 2004 844 2037 abire
870 2005 983 2049 jusse-

305 2054 387 2081 runt
411 2060 472 2092 pro
498 2049 657 2084 hostibus
687 2050 875 2084 declaratos
904 2061 982 2093 252,

308 2102 338 2136 7,
358 2100 390 2126 et
411 2095 463 2127 18.
504 2095 621 2128 Oritae
645 2102 802 2140 quartam
822 2096 983 2131 Euboeae

305 2145 437 2182 partem
456 2141 618 2174 tenebant
636 2141 715 2185 691,
732 2154 744 2175 1
756 2153 783 2175 1.

260 2184 424 2224 Orontas,
444 2186 635 2228 praefectus
655 2188 788 2231 Mysiae
810 2188 885 2227 186,
906 2198 957 2231 25.

261 2229 413 2274 Oropus
450 2231 609 2275 Philippo
632 2232 737 2265 dediti
760 2234 818 2277 qui
836 2234 982 2267 Athenis

306 2282 431 2316 essent,
447 2277 481 2309 hi
500 2278 632 2311 civibus
652 2290 855 2321 persuasum
874 2279 981 2319 ibant,

306 2322 334 2354 si
354 2321 534 2366 Philippus
561 2325 665 2356 semel
685 2324 774 2356 intra
796 2324 896 2368 Pylas
922 2325 982 2358 ad-

304 2367 432 2400 missus
460 2374 560 2407 esset,
591 2369 663 2402 fore
693 2376 730 2402 ut
760 2369 919 2413 Oropum
949 2377 981 2403 et

306 2412 485 2447 Euboeam
510 2414 780 2448 Atheniensibus
807 2427 869 2459 pro
894 2416 979 2449 Am-

304 2459 435 2502 phipoli
467 2460 660 2494 restitueret
696 2470 749 2505 73,
773 2472 805 2505 9.
840 2462 918 2504 348,
948 2470 978 2506 7.

304 2504 383 2546 446,
406 2516 434 2538 1.
468 2505 626 2539 Thebani
653 2506 812 2550 Oropum
835 2507 980 2540 Atheni-

303 2551 445 2584 ensibus
457 2551 546 2584 bello
556 2551 736 2586 Leuctrico
748 2554 979 2596 praevalentes

303 2597 503 2640 eripiebant,
526 2609 629 2642 (1113111
655 2598 883 2632 Athenienses
909 2611 979 2632 non

304 2649 550 2686 recuperarunt
574 2655 651 2685 204,
677 2653 730 2687 25.
768 2644 877 2677 (101100
903 2650 978 2678 1311-

304 2687 381 2720 (10111
409 2688 590 2732 Philippus
607 2690 781 2723 Thebanis
807 2689 979 2723 ademtam

302 2734 450 2766 restituit
472 2735 756 2769 Atheniensibus.
800 2736 917 2769 Schol.
935 2735 978 2769 ad

302 2790 335 2822 p.
364 2788 441 2822 259,
470 2791 520 2813 10.
564 2781 624 2814 ubi
657 2781 746 2814 hanc
780 2781 822 2814 de
859 2781 978 2825 Oropo

302 2825 558 2859 contentionem
581 2826 739 2870 pluribus
766 2828 975 2872 exsequitur.

302 2869 531 2904 Athenienses
556 2871 591 2904 in
617 2883 699 2915 pace
719 2884 799 2906 cum
818 2872 976 2916 Philippo

301 2921 379 2957 post
399 2915 594 2960 Olynthum
612 2918 760 2951 excisam
780 2918 869 2951 facta
885 2918 975 2952 The-

764 113 931 148 INDEX
963 114 1281 151 HISTORICUS

1095 215 1195 249 banis
1239 215 1398 259 Oropum
1439 216 1683 260 permittebant
1716 218 1772 263 63,

1100 272 1151 294 12.
1173 272 1250 303 204,
1267 272 1321 294 22.
1342 261 1418 301 206,
1433 270 1463 306 7.
1483 263 1579 296 18.et
1599 274 1653 307 23.
1681 263 1772 297 Cha-

1095 307 1187 340 brias
1213 319 1317 351 super
1335 307 1455 351 Oropo
1481 308 1601 352 capitis
1626 309 1692 342 fuit
1717 321 1773 343 ac-

1096 359 1257 386 cusatus:
1285 365 1324 386 eo
1350 353 1442 387 enim
1467 360 1606 388 auctore
1626 355 1771 389 Atheni-

1095 411 1194 432 enses
1212 399 1387 432 Thebanis
1414 399 1658 434 subvenerant.
1702 401 1772 435 Cu-

1090 445 1148 488 jus
1169 445 1274 478 studii
1299 445 1445 489 gratiam
1463 445 1552 480 hanc
1568 446 1772 487 referebant,

1095 497 1133 524 ut
1152 491 1312 534 Oropum
1337 491 1506 535 eriperent
1522 506 1528 525 :
1556 504 1624 537 quo
1642 493 1773 526 factum

1096 542 1133 569 ut
1169 536 1337 570 Chabrias
1379 538 1578 571 collusionis
1616 538 1771 572 clandes-

1094 583 1184 616 tinae
1210 595 1290 616 cum
1313 583 1488 616 Thebanis
1514 584 1773 618 insimularetur

1094 637 1173 672 535,
1197 639 1248 662 10.
1269 628 1385 662 Schol.

1050 673 1212 717 Orpheus
1243 681 1275 708 et
1303 675 1376 719 ejus
1406 674 1538 708 dictum
1568 675 1609 709 de
1637 676 1773 720 justitia

1093 720 1254 754 laudatur
1273 729 1350 765 772,
1371 720 1425 754 26.

1048 765 1224 799 Paeonum
1244 778 1324 799 cum
1342 767 1502 810 Philippo
1519 767 1609 800 bella
1630 778 1681 811 13,
1700 780 1733 809 4.

1048 811 1197 854 Pagasas
1220 812 1255 845 in
1280 812 1486 846 Macedonia
1504 812 1684 857 Philippus
1710 813 1771 847 ob-

1094 857 1227 891 sidebat
1248 869 1300 897 11,
1323 859 1375 892 18.
1413 859 1570 892 Thessali
1595 859 1637 892 ab
1656 871 1696 893 eo
1719 871 1771 893 re-

1092 904 1281 947 poscebant
1303 916 1353 946 15,
1377 905 1428 938 18.
1457 916 1511 944 21,
1533 916 1586 946 14.
1628 905 1770 950 Pagasi-

1092 950 1181 983 ticus
1215 950 1313 983 sinus
1351 961 1425 995 159,
1457 950 1511 984 26.
1554 951 1772 985 Memoratur

1091 995 1156 1029 hoc
1175 995 1344 1039 oppidum
1361 998 1463 1030 etiam
1481 1009 1514 1040 p.
1533 1007 1613 1040 392,
1630 1008 1683 1030 21.

1046 1041 1262 1082 Pammenes,
1287 1042 1484 1075 Pammenis
1514 1043 1616 1082 filius,
1644 1043 1769 1076 aurifa-

1090 1087 1162 1127 ber,
1188 1088 1287 1132 cujus
1313 1088 1349 1121 in
1372 1088 1551 1121 tabernam
1572 1089 1768 1132 irrumpens

1092 1133 1220 1166 Midias
1254 1145 1398 1167 coronas
1432 1146 1551 1167 aureas
1585 1146 1605 1167 a
1638 1135 1767 1168 Demo-

1091 1178 1211 1212 sthene
1227 1180 1355 1213 locatas
1374 1181 1526 1223 corrupit
1543 1188 1622 1221 521,
1643 1190 1697 1225 27.

1045 1223 1261 1265 Pammenes,
1287 1226 1432 1259 forsitan
1459 1225 1530 1259 dux
1552 1226 1607 1259 ille
1631 1226 1768 1261 Theba-

1090 1282 1157 1303 nus
1176 1271 1239 1304 681
1261 1283 1340 1316 pen.

1043 1316 1259 1360 Pamphilus,
1287 1323 1382 1361 pater
1412 1318 1612 1361 Plangonis,
1642 1324 1768 1352 mater-

1088 1374 1156 1396 nus
1183 1375 1267 1396 avus
1296 1363 1467 1408 Pamphili
1490 1364 1638 1408 junioris
1667 1375 1767 1407 1014,

1092 1409 1143 1442 18.
1186 1409 1246 1442 ubi
1286 1409 1473 1449 decoxisse,
1515 1415 1547 1443 et
1587 1410 1767 1444 facultates

1089 1455 1174 1499 ej11S,
1209 1461 1246 1488 ut
1281 1456 1399 1489 aerarii
1431 1455 1523 1495 facti,
1557 1456 1768 1500 proscriptae

1089 1512 1149 1534 seu
1167 1501 1250 1534 fisco
1268 1501 1424 1535 addictae
1442 1501 1617 1535 dicuntur.

1043 1546 1245 1590 Pamphilus
1274 1548 1403 1591 junior,
1434 1547 1622 1591 Plangonis
1656 1560 1765 1582 mere-

1087 1593 1181 1626 tricis
1216 1599 1275 1626 aut
1302 1593 1515 1627 concubinae
1548 1593 1651 1634 filius,
1679 1607 1766 1639 quae

1086 1638 1201 1682 ipsum
1227 1651 1365 1683 unaque
1390 1639 1529 1672 fratrem
1552 1640 1625 1683 ejus
1652 1640 1764 1674 Boeo-

1086 1690 1162 1717 tum
1196 1685 1315 1718 callide
1349 1685 1503 1718 Mantiae
1535 1686 1641 1718 veluti
1676 1687 1763 1730 patri

1086 1730 1236 1763 obtrusit
1267 1741 1334 1775 995
1360 1743 1438 1774 pen.
1472 1736 1504 1764 et
1538 1742 1637 1774 saepe
1669 1732 1762 1765 loco-

1086 1787 1164 1809 rum
1191 1776 1416 1820 postmodum
1445 1777 1481 1809 in
1508 1777 1564 1810 illa
1590 1782 1663 1810 tota
1688 1789 1764 1811 ora-

1085 1828 1191 1855 tione.

1041 1867 1254 1911 Pamphilus,
1276 1868 1513 1901 Rhamnusius
1536 1878 1635 1913 1047,
1654 1877 1706 1912 17.

1041 1913 1254 1957 Pamphilus,
1281 1914 1485 1951 foenerator,
1512 1914 1611 1958 cujus
1642 1925 1764 1947 caussa

1085 1959 1268 1993 adversum
1298 1959 1583 2004 Dionysodorum
1611 1966 1644 1993 et
1679 1960 1762 1993 Par-

1084 2006 1279 2039 meniscum
1299 2006 1413 2049 agitur
1436 2017 1455 2038 a
1480 2018 1512 2049 p.
1531 2006 1629 2039 1282.
1656 2005 1701 2039 ad
1728 2018 1761 2050 p.

1089 2062 1127 2084 12
1156 2052 1188 2084 8.

1039 2062 1254 2140 Î¡31111Îžá¿™111113,
1281 2097 1471 2141 inquilinus
1499 2102 1532 2130 et
1558 2098 1663 2131 cliens
1692 2097 1762 2130 Îœ1-

1085 2142 1169 2181 diae,
1189 2143 1381 2187 Aegyptius
1399 2142 1478 2186 567,
1497 2152 1549 2185 15.

1039 2187 1252 2232 Pamphilus,
1283 2188 1502 2227 trierarchus,
1532 2188 1762 2222 Demostheni

1084 2233 1249 2267 adversus
1269 2234 1415 2267 Midiam
1433 2239 1578 2267 testatus
1595 2234 1674 2278 568,
1695 2245 1749 2278 23.

1039 2279 1252 2322 Pamphilus
1271 2279 1356 2313 fullo
1377 2290 1474 2323 1259,
1494 2291 1523 2313 1.

1039 2324 1240 2363 Panactum,
1274 2332 1426 2358 castrum
1458 2325 1494 2358 in
1527 2337 1610 2369 agro
1644 2325 1761 2359 Attico

1084 2370 1163 2421 â´â´6Â³
1181 2382 1214 2414 3Î‡
1238 2380 1321 2414 1257
1354 2383 1387 2412 4Î‡
1477 2417 1483 2422 .
1675 2417 1680 2422 .
1734 2417 1740 2423 .

1038 2415 1206 2456 Pandion,
1225 2428 1417 2461 eponymus
1443 2416 1554 2450 tribus
1573 2416 1759 2450 Pandioni-

1083 2461 1147 2495 dis.
1181 2462 1297 2495 fabula
1324 2462 1470 2496 filiarum
1496 2463 1582 2507 ejus,
1609 2463 1759 2496 Procnes

1081 2513 1114 2540 et
1133 2507 1340 2541 Philomelae
1361 2517 1446 2553 1397
1465 2509 1529 2542 ult.
1575 2509 1759 2543 Î Î±Î½Î´á½·Î¿Î½Î¿Ï‚

1081 2553 1168 2587 á¼„ÏƒÏ„Ï…
1186 2554 1401 2597 appellantur
1418 2554 1574 2588 Athenae
1591 2564 1671 2598 531,
1691 2565 1722 2588 2.

1037 2599 1220 2639 Pandosia,
1235 2599 1403 2643 oppidum
1418 2600 1603 2644 Cassopiae
1620 2601 1675 2642 84,
1692 2611 1747 2633 22.

1036 2644 1222 2685 Panemus,
1257 2646 1385 2679 mensis
1421 2645 1675 2685 Corinthiacus,
1706 2657 1759 2679 reâ€”

1081 2691 1229 2734 spondet
1262 2691 1377 2724 Attico
1405 2691 1652 2725 Bo'edromioni
1680 2692 1757 2731 280,

1084 2747 1137 2777 14.

1035 2781 1277 2821 Pantaenetus,
1295 2783 1331 2815 in
1349 2794 1452 2826 quem
1474 2783 1543 2826 agit
1561 2781 1757 2816 Nicobulus

1080 2838 1129 2860 or.
1148 2839 1167 2860 a
1185 2839 1217 2871 p.
1236 2827 1315 2871 966.
1334 2828 1378 2861 ad
1394 2840 1428 2872 p.
1447 2829 1525 2872 984.

1036 2872 1311 2916 Panticapaeum,
1329 2874 1498 2917 oppidum
1525 2873 1757 2908 Cherrhonesi

1081 2918 1273 2953 Cimbricae
1290 2930 1370 2963 933,
1389 2930 1439 2953 12.
