1935 3200
966 705 1098 754 LIX.

739 868 832 922 IN
888 867 1333 923 NEAERAM.

842 1051 922 1055 Δ,
928 1039 1227 1066 4—-

673 1180 704 1222 Ι.
736 1182 1006 1222 TAYLORI
1043 1181 1278 1222 PRAEFA
1289 1183 1401 1224 TIO.

348 1271 391 1311 Si
428 1270 678 1311 auctoritati
715 1270 945 1312 cedendum
985 1276 1105 1320 esset,
1144 1272 1255 1312 nulla
1290 1272 1398 1312 foret
1439 1271 1548 1312 inter
1584 1270 1793 1313 orationes

283 1326 640 1375 Demosthenicas,
665 1343 789 1381 quam
820 1333 942 1368 tanta
973 1328 1176 1368 facilitate
1209 1328 1389 1383 expungi
1421 1328 1609 1375 sinerem,
1634 1333 1794 1381 quanta

282 1383 405 1431 illam,
429 1398 554 1437 quam
570 1384 658 1438 jam
680 1389 868 1424 tractare
890 1384 1048 1438 incipis.
1111 1383 1228 1424 Pleni
1261 1389 1359 1425 sunt
1389 1384 1659 1438 antiquorum
1680 1384 1793 1424 criti-

282 1454 424 1479 corum
446 1440 538 1480 libri
559 1440 812 1495 gravissimis
835 1441 886 1481 de
908 1441 989 1481 ista
1011 1455 1159 1480 caussa
1180 1439 1496 1495 suspicionibus.
1558 1440 1794 1480 Dolendum

282 1496 454 1550 periisse
471 1511 576 1549 quae
596 1497 645 1536 de
668 1497 745 1537 hac
762 1497 932 1550 aliisque
951 1497 1210 1536 orationibus
1224 1496 1558 1548 ψευδεπιγράφοις
1579 1496 1792 1549 scripsisse

283 1566 326 1591 se
361 1557 566 1593 memorat
604 1553 828 1606 Dionysius
864 1554 915 1593 de
950 1553 1061 1593 adm.
1086 1552 1123 1591 vi
1152 1553 1369 1592 Demosth.
1396 1567 1429 1592 c.
1459 1562 1525 1606 57.
1551 1552 1647 1605 (vol.
1680 1554 1716 1592 6.
1749 1567 1789 1606 p.

287 1619 391 1661 1127
416 1608 486 1660 R.)
550 1609 729 1649 Restant
751 1614 893 1649 tamen
914 1609 995 1657 alii,
1019 1623 1122 1662 quos
1144 1623 1307 1662 sequor.
1355 1608 1620 1662 Phrynichus
1642 1624 1681 1662 p.
1700 1622 1713 1647 1
1728 1621 1790 1648 12.

283 1667 343 1717 (p.
369 1676 461 1717 225.
481 1665 545 1704 cd.
570 1665 710 1715 Lob.):
747 1666 801 1705 Σὺ
822 1667 863 1705 δὲ
884 1666 1094 1714 βασιλικὸς
1116 1665 1344 1707 ἐπιστολεὺς
1368 1665 1569 1715 ἐπιφανεὶς
1592 1664 1792 1716 ἀνάλογον

281 1723 327 1774 τῇ
360 1723 503 1759 σαυτοῦ
533 1722 757 1775 παρασκευῇ
788 1722 1070 1772 γεννικώτατον
1091 1722 1181 1770 ἡμῖν
1203 1722 1386 1771 ἐκόμισας
1415 1722 1586 1771 μάρτυρα
1607 1721 1674 1760 τὸν
1696 1738 1790 1772 συγ-

281 1776 492 1828 γράψαντα
517 1777 586 1816 τὸν
608 1779 703 1816 κατὰ
726 1778 907 1827 Νεαίρας”
943 1776 984 1818 ὃς
1006 1776 1066 1816 διά
1087 1794 1127 1816 τε
1150 1779 1197 1816 τὰ
1225 1778 1331 1816 ἄλλα
1358 1778 1585 1826 ὑπωπτεύθη
1613 1777 1663 1826 μὴ
1693 1776 1793 1816 εἶναι

283 1832 562 1881 Δημοσθένους
584 1834 644 1872 καὶ
667 1835 728 1872 διὰ
749 1835 796 1872 τὰ
812 1836 968 1872 τοιαῦτα
989 1837 1065 1872 τῶν
1083 1834 1274 1883 ἀδοκίμων
1290 1832 1503 1883 ὀνομάτων.
1545 1832 1792 1872 Athenaeus

287 1901 349 1942 13.
375 1903 414 1941 p.
436 1898 517 1942 573
543 1887 588 1927 B.
624 1890 881 1939 Δημοσθένης
914 1891 933 1928 ὁ
965 1888 1087 1940 ῥήτωρ
1121 1891 1162 1928 ἐν
1191 1892 1240 1943 τῷ
1273 1891 1369 1928 κατὰ
1403 1889 1573 1940 Νεαίρας
1606 1889 1726 1941 λόγῳ,
1759 1890 1793 1929 εἰ

281 1944 454 1994 γνήσιος,
479 1943 840 1995 ὃνἈπολλόδωρος
873 1947 1010 1995 εἴρηκε.
1054 1949 1096 1984 et
1118 1960 1159 1998 p.
1183 1947 1266 1999 586
1290 1945 1339 1984 Ε.
1363 1947 1382 1984 ὁ
1405 1945 1474 1984 τὸν
1496 1947 1592 1984 κατὰ
1621 1946 1792 1995 Νεαίρας

281 2001 405 2050 λόγον
437 2000 607 2051 γράψας.
670 2000 871 2040 Similiter
903 2000 1081 2040 Photius
1114 2002 1215 2041 eod.
1240 2000 1454 2041 CCLXV.
1487 2001 1563 2040 Καὶ
1594 2000 1661 2039 τὸν
1696 2002 1792 2040 κατὰ

282 2058 455 2105 Νεαίρας
476 2058 516 2095 δὲ
538 2057 663 2108 λόγον
683 2058 905 2106 ὑπτιότητός
926 2074 1026 2098 τινες
1048 2058 1266 2107 αἰτιώμενοι
1283 2061 1358 2096 τῶν
1376 2060 1680 2106 Δημοσθενικῶν
1697 2057 1791 2095 ἀπο-

283 2113 480 2161 κρίνουσιν
501 2113 643 2163 λόγων.
707 2112 786 2151 His
817 2113 997 2166 adjunge
1020 2112 1271 2166 Argumenti
1302 2117 1533 2159 auctorem,
1554 2112 1638 2151 sive
1666 2111 1790 2152 Liba-

284 2166 376 2205 nius
411 2172 475 2207 est
515 2167 598 2207 sive
639 2167 755 2215 alius,
795 2168 1175 2221 Halpomationem
1209 2171 1259 2221 (s.
1282 2183 1316 2207 v.
1350 2168 1483 2220 γέρρα,
1522 2169 1789 2217 δημοποίητος,

283 2223 545 2273 tceyyv‘qwg‘
544 2222 764 2275 Ιππαρχος,
797 2224 971 2275 Κωλιάς)
1001 2224 1073 2286 qui
1102 2238 1195 2263 eam
1229 2238 1433 2276 nusquam
1464 2224 1547 2263 fere
1581 2223 1659 2262 nisi
1696 2238 1789 2263 cum

283 2277 516 2331 suspicione
546 2278 710 2332 allegat.
774 2279 892 2331 (Sine
924 2279 1155 2331 suspicione
1181 2294 1213 2319 s.
1236 2294 1272 2318 v.
1297 2279 1646 2330 ἀποπεφασμέιον,
1664 2279 1789 2318 Αττι-

285 2337 363 2375 κοῖς
393 2333 604 2384 γράμμασι,
633 2334 849 2384 Βρυτιάδαι,
879 2352 1066 2386 γεραιραι,
1093 2336 1151 2374 ὅτι
1182 2334 1445 2386 διαμαρτάνει,
1476 2339 1652 2383 πωλῶσι,
1673 2339 1789 2387 ψιθυ-

282 2406 416 2440 ριστης
430 2388 606 2440 Ερμῆς.)

342 2445 489 2485 Oratio
515 2445 618 2485 satis
649 2445 822 2498 antiqua
842 2449 886 2485 et
907 2445 1071 2486 videtur
1097 2446 1151 2486 ad
1182 2460 1302 2485 usum
1322 2446 1528 2486 forensem
1548 2445 1672 2487 fuisse
1693 2461 1787 2486 con-

282 2500 452 2554 scripta,
480 2516 562 2540 non
589 2502 644 2541 ad
674 2501 999 2541 ostentationem
1029 2506 1104 2542 aut
1131 2502 1183 2542 ad
1216 2502 1493 2542 imitationem
1525 2502 1788 2543 concinnata.

284 2557 493 2597 Adhaesit
532 2557 629 2597 olim
669 2557 1014 2606 Demosthenicis,
1056 2559 1140 2597 sive
1175 2559 1286 2621 quod
1328 2559 1393 2599 hic
1431 2558 1631 2609 (strictim
1670 2558 1785 2611 licet)

282 2618 537 2653 memmetur
571 2614 622 2653 de
662 2613 845 2667 pecuniis
886 2613 1176 2662 theatralibus,
1210 2614 1251 2653 in
1287 2629 1370 2667 qua
1409 2629 1556 2654 caussa
1595 2614 1789 2655 excelluit

284 2669 604 2718 Demosthenes,
625 2669 708 2709 sive
731 2670 841 2723 quod
870 2669 977 2710 infra
1000 2669 1251 2722 Phrynionis
1282 2671 1497 2724 cujusdam
1527 2684 1593 2710 res
1622 2675 1785 2724 agatur,

284 2739 405 2778 quem
427 2725 583 2765 oratori
606 2730 749 2766 nost1o
770 2725 892 2765 domo
915 2730 957 2765 et
978 2726 1132 2766 familia
1155 2726 1422 2779 conjunctum
1440 2726 1566 2766 fuisse
1587 2726 1785 2779 suspicor,

288 2784 340 2833 [v.
362 2781 416 2820 ad
438 2796 474 2834 p
496 2795 613 2835 1355,
640 2784 693 2833 2.]
720 2781 803 2821 sive
834 2781 1010 2834 denique
1032 2782 1143 2835 quod
1176 2782 1469 2822 Demosthenis
1497 2782 1702 2835 (nostrine
1732 2797 1786 2822 an

281 2837 466 2884 alterius,
493 2851 640 2890 parum
672 2837 865 2887 interest)
889 2837 1174 2878 testimonium
1205 2837 1313 2878 infra
1344 2839 1590 2879 adducatur.
1652 2838 1786 2889 Quam

282 2893 642 2943 necessitudinem,
672 2893 957 2934 tenuissimam
987 2893 1095 2942 licet,
1126 2894 1380 2947 superiorem
1411 2894 1523 2935 illam
1554 2893 1784 2934 orationem

283 2962 316 2986 c.
341 2948 614 2990 Theocrinem
635 2949 790 2990 nostris
811 2949 1051 3003 adjunxisse
1074 2951 1271 2991 arbitror.
