1935 3200
316 136 427 174 1218
704 134 1025 175 ADVERSUS
1058 135 1445 176 LEOCHAREM.

316 239 521 280 Leocrate
551 239 731 280 secundo
763 244 940 288 mortuo,
978 244 1099 293 pater
1131 239 1218 292 ejus
1248 239 1494 279 Leostratus
1526 238 1655 278 filium
1689 252 1820 287 suum,

313 296 467 335 mortui
497 295 681 343 fratrem,
716 296 981 343 Leocharem,
1016 296 1057 334 in
1081 295 1216 335 locum
1244 295 1331 348 ejus
1362 295 1593 343 substituit,
1622 299 1822 348 tanquam

313 351 442 390 filium
463 351 705 405 adoptivum
728 351 944 391 Leocratis
966 351 1133 391 mortui.
1195 350 1260 390 Sic
1292 351 1596 391 haereditatem
1629 350 1823 390 Leostra-

313 411 395 454 tus,
428 411 475 447 ut
508 408 668 447 duabus
697 407 860 447 ancoris
894 407 1057 447 nitatur
1088 407 1234 447 domus
1268 421 1353 455 sua,
1377 411 1419 447 et
1448 421 1523 460 per
1555 421 1597 446 se
1629 406 1749 459 petit,
1779 410 1822 446 et

314 462 442 502 filium
475 463 733 503 Leocharem
765 466 1034 515 διαμαρτυρεῖν
1063 463 1175 503 facit.
1218 463 1478 503 SEAGER.
1507 462 1623 503 Diar.
1651 461 1820 502 Classic.

315 521 381 558 60.
403 534 442 572 p.
461 521 513 560 26
514 529 554 573 5.

374 577 493 621 1080,
524 588 583 616 12.
623 576 921 628 παραπλησίαν]
960 574 1007 614 F.
1049 574 1345 625 πεπλασμένην.
1390 573 1631 627 Cujusmodi
1673 577 1739 614 est
1778 578 1822 614 et

315 631 549 671 Eubulidea
577 631 619 670 in
655 631 868 683 superiore
900 630 1101 677 oratione,
1131 629 1172 668 111
1209 644 1289 683 qua
1323 634 1365 670 et
1399 630 1499 669 illud
1528 630 1701 677 mireris,
1728 644 1821 669 cum

314 686 542 726 Eubulides
579 687 847 741 Hagnianam
878 686 1183 726 haereditatem
1214 686 1443 740 complures
1475 700 1605 726 annos
1638 685 1821 725 tenuisse

313 742 515 790 videatur,
557 758 648 783 eam
688 743 796 783 filiae
835 743 924 795 ejus
963 756 1187 796 germanae
1231 742 1356 781 fuisse
1395 746 1596 795 ereptam.
1628 741 1820 781 WOLF.

313 799 555 838 Bekkerus:
595 799 830 839 “Fortasse
851 799 930 852 leg.
954 794 1272 849 παράπλαστον.”
1325 798 1447 838 Tales
1474 797 1720 851 adoptiones
1741 796 1821 837 etsi

312 855 480 894 fuerunt
509 855 718 908 legitimae
752 856 808 905 (v.
832 855 1017 894 Meierus
1051 855 1102 894 de
1130 853 1224 893 Lite
1255 854 1350 894 Att.
1376 869 1416 907 p.
1439 855 1567 907 435),
1590 857 1731 893 tamen
1762 853 1821 894 fa-

313 910 388 949 cile
421 910 667 964 intelligitur
705 911 865 964 largam
896 910 1087 964 litigandi
1123 910 1341 950 materiem
1375 910 1469 949 inde
1504 909 1590 962 peti
1622 909 1819 962 potuisse.

315 967 574 1006 SCHAEF.
633 966 720 1017 παρ’
753 968 974 1016 ἀπληστίαν
1006 966 1261 1006 Voemelius.
1324 966 1423 1006 Tale
1446 966 1544 1019 quid
1575 965 1608 1005 si
1639 965 1818 1019 scripsit,

313 1022 495 1062 omnium
515 1022 755 1063 facillimum
776 1023 883 1062 foret
903 1023 1187 1074 παραπληξίαν.

373 1199 493 1247 1080,
515 1211 552 1252 5.
586 1197 879 1251 διαμαρτυρίαν]
914 1197 1171 1251 Hesychius:
1205 1198 1482 1248 Διαμαρτυρία,
1516 1198 1598 1247 δίκη
1624 1214 1679 1239 τις
1706 1199 1820 1246 ὁμοία

312 1257 357 1304 τῇ
379 1257 615 1306 παραγραφῇ
638 1259 739 1307 (11011
760 1255 1013 1308 περιγραφῇ).
1045 1255 1162 1307 ταύτῃ
1184 1252 1213 1292 δ’
1239 1254 1396 1292 ἐναντία
1416 1254 1438 1303 ἡ
1462 1254 1665 1294 εὐθυδικία.
1717 1254 1819 1293 Pro-

312 1310 447 1363 prium
471 1310 669 1350 Latinum
690 1324 840 1349 nomen
868 1324 949 1349 non
978 1309 1181 1349 occurrit:
1214 1309 1286 1348 sed
1309 1309 1511 1349 Graecam
1532 1324 1673 1349 vocem
1702 1324 1743 1350 se
1753 1324 1820 1349 cu-

312 1371 380 1405 tus
408 1366 720 1421 testq'ficatzfoncm
754 1365 870 1405 verti.
933 1365 1041 1405 Nam
1073 1379 1165 1404 cum
1197 1369 1417 1404 accusator
1450 1365 1515 1404 hic
1540 1370 1703 1418 peteret
1739 1366 1819 1404 Ar-

314 1422 487 1461 chiadae
522 1422 838 1468 haereditatem,
877 1421 1109 1461 Leochares
1149 1422 1258 1474 apud
1295 1425 1532 1475 praetorem
1567 1422 1820 1462 testificatur

313 1492 406 1517 eam
436 1477 536 1517 nihil
568 1478 621 1517 ad
653 1477 967 1517 Aristodemum
999 1477 1191 1522 attinere.
1226 1477 1533 1527 διαμαρτυρήσας
1564 1478 1615 1527 μὴ
1649 1480 1819 1518 ἐπίδικον

314 1534 412 1573 εἶναι
451 1535 518 1574 τὸν
559 1537 699 1585 κλῆρον
738 1534 807 1572 τὸν
841 1533 1061 1585 Ἀρχιάδου.
1089 1533 1276 1573 WOLF.
1339 1532 1391 1572 V.
1426 1532 1736 1586 Harpocration
1776 1537 1819 1574 et

314 1590 475 1629 Aneed.
499 1590 632 1630 Bekk.
655 1605 693 1642 p.
714 1591 807 1642 236.
843 1590 1101 1629 SCHAEF.

372 1648 492 1692 1081,
516 1659 550 1685 1.
582 1648 649 1687 τὰς
669 1645 911 1698 αγχιστειας]
940 1662 987 1684 τα
1010 1646 1216 1697 ἀγχιστικα
1237 1646 1374 1690 δίκαια,
1399 1659 1504 1698 quae
1525 1644 1626 1685 (licit
1647 1645 1818 1685 Ammo-

310 1701 401 1740 nius
424 1716 463 1754 p.
485 1714 523 1754 3.
569 1701 621 1740 V.
644 1701 698 1740 ad
726 1716 764 1753 p.
786 1703 922 1763 1067„
941 1711 1003 1763 15.
1038 1702 1295 1740 SCHAEF.
1359 1701 1430 1751 Sic»
1434 1701 1656 1741 nifieantm
1676 1706 1818 1741 autem

311 1758 539 1809 αγχιστείας
560 1757 724 1796 1101111110
745 1756 883 1796 omnia
903 1771 951 1796 ea
967 1757 1076 1809 jura
1092 1771 1196 1819 quae
1219 1770 1311 1795 cum
1333 1757 1578 1810 cognatione
1594 1757 1818 1810 conjuncta

311 1817 423 1859 sunt,
464 1813 611 1865 quibus
647 1826 766 1851 nemo
799 1812 859 1852 uti
895 1817 1064 1865 potelat
1099 1812 1177 1852 nisi
1204 1812 1330 1865 justis
1370 1812 1525 1866 nuptiis
1560 1827 1603 1866 pl
1590 1817 1814 1853 .·‘.oc1eatus

311 1868 699 1909 SOHOEMANN.
724 1868 870 1921 Antiq.
892 1869 1004 1921 publ.
1026 1883 1063 1921 p.
1084 1882 1175 1921 193.

372 1926 534 1973 1081,2.
563 1924 758 1976 ἐγγυτάτω
784 1923 918 1975 γένους
941 1939 962 1963 0
983 1924 1097 1963 libris
1118 1924 1354 1964 melioribus
1374 1923 1616 1964 restitutum
1636 1938 1712 1977 pro
1733 1924 1817 1963 vul-

308 1985 409 2034 gato
433 1982 462 2019 ἐ.
485 1980 603 2031 γένει.
655 1980 872 2020 Genitivus
903 1982 1095 2031 ἐγγύτατα
1116 1980 1253 2031 γένους
1273 1985 1338 2020 est
1358 1980 1465 2020 infra
1485 1995 1523 2034 p.
1546 1981 1666 2020 1088.
1695 1994 1814 2034 1090.

314 2047 433 2088 1074.
460 2038 579 2075 1180.
622 2036 816 2087 ἐγγυτάτω
849 2036 987 2087 γένους
1018 2036 1059 2075 111
1091 2036 1180 2090 lego
1207 2036 1367 2076 Solonis
1393 2051 1459 2089 ap.
1487 2036 1706 2090 Aristoph.
1731 2036 1814 2075 Av.

314 2105 327 2130 1
341 2093 435 2130 666.

370 2148 490 2195 1081,
518 2160 582 2188 12.
616 2146 1042 2197 καταστασιασθέντας]
1069 2147 1203 2186 Nolite
1219 2148 1310 2200 pati
1340 2161 1407 2186 nos
1436 2147 1605 2186 homines
1616 2161 1816 2200 pauperes

310 2208 345 2241 et
365 2203 500 2255 inopes
525 2203 579 2253 (h.
603 2217 637 2243 e.
659 2202 874 2255 praesidiis
895 2202 1119 2241 amicorum
1141 2203 1374 2255 potentium
1395 2203 1646 2255 denudatos)
1668 2218 1694 2242 α
1713 2205 1814 2256 fac—

309 2259 409 2297 tione
440 2257 618 2311 improba
648 2258 899 2297 «ἱηῐυιὶιόνῑιηὸ
921 2259 1140 2310 potentiam
1174 2259 1359 2311 oppm'mz'.
1403 2261 1590 2309 περιϊδεῖν
1625 2275 1711 2298 τινα
1746 2276 1813 2298 κα-

309 2314 651 2352 ταστασιασθέντα
698 2317 762 2352 est
813 2314 973 2362 ἀμελεῖν
1023 2314 1085 2352 καὶ
1135 2315 1203 2353 ἐᾶν
1254 2314 1631 2360 καταστασιάζεσθαι
1681 2315 1809 2354 αὐτόν.

310 2370 513 2408 REISK.

371 2426 489 2473 1081,
512 2436 572 2476 15.
589 2427 664 2463 τῶν
681 2424 809 2473 νόμων
826 2423 1050 2475 τυγχάνειν]
1074 2423 1122 2462 Id
1144 2429 1208 2464 est
1229 2429 1304 2464 τῶν
1321 2427 1476 2464 δικαίων
1497 2428 1572 2464 τῶν
1595 2426 1635 2464 ἐκ
1654 2429 1730 2465 τῶν
1751 2426 1812 2465 νό-

307 2498 390 2531 μων
405 2479 763 2531 προσγιγνομένων.
804 2479 839 2518 εἰ
859 2480 945 2532 quis
973 2493 1039 2518 uos
1065 2479 1172 2518 sinat
1194 2495 1239 2519 ea
1259 2480 1444 2533 adipisci,
1467 2495 1564 2533 quae
1589 2480 1698 2520 uobis
1719 2481 1814 2533 jure

308 2536 575 2588 debenturper
588 2535 693 2588 loyes.
724 2534 919 2574 Recurrit
933 2535 1033 2574 haec
1047 2535 1190 2574 eadem
1205 2535 1330 2575 dictio
1344 2551 1382 2588 p.
1396 2537 1515 2589 1089,
1528 2549 1543 2575 1
1556 2549 1591 2578 2.
1609 2537 1810 2576 REISK.

311 2592 399 2631 Nisi
420 2593 528 2631 forte
545 2595 587 2630 et
608 2591 671 2630 hic
693 2595 735 2629 et
756 2590 835 2629 illic
857 2592 1026 2639 νομίμων
1048 2590 1306 2630 scribendum
1322 2596 1398 2631 est.
1433 2592 1549 2632 Conf.
1572 2606 1612 2644 p.
1633 2602 1725 2645 733,
1745 2605 1760 2631 1
1774 2605 1807 2632 1.

311 2650 405 2700 776,
430 2657 493 2700 25.
522 2647 726 2699 1085,10.
759 2647 1018 2685 SCHAEF.

370 2704 490 2752 1081,
510 2715 574 2742 20.
603 2702 887 2751 ἅμα-ἰδιώτης
909 2701 1021 2751 εἶναι]
1050 2701 1246 2741 Ι115010115.
1281 2702 1426 2742 Malim
1448 2703 1525 2752 ἅμα
1547 2704 1590 2756 τῇ
1611 2704 1724 2755 πενίᾳ
1749 2703 1811 2743 καὶ

309 2759 359 2812 τῷ
397 2759 544 2807 ἰδιώτης
578 2757 687 2797 εἶναι.
727 2761 803 2796 aut
835 2757 910 2796 ἀπὸ
947 2760 1011 2805 τῆς
1044 2758 1201 2799 πενίας;
1236 2762 1283 2798 ut
1315 2758 1370 2798 sit
1404 2758 1635 2798 sententia:
1681 2758 1810 2798 Pater

308 2828 423 2853 meus
447 2813 565 2865 (quid
586 2813 694 2852 enim
714 2812 756 2851 id
777 2812 1039 2858 dissimulem,
1063 2813 1178 2865 cujus
1199 2828 1269 2853 vos
1291 2813 1442 2853 conscii
1463 2814 1561 2853 estis
1583 2813 1760 2853 universi
1775 2814 1805 2865 ἓ)

308 2870 369 2909 ita
389 2869 430 2908 in
452 2869 529 2908 1100
546 2868 700 2921 judicio
721 2872 924 2914 versatur,
945 2871 992 2907 ut
1013 2867 1048 2906 01
1069 2872 1111 2907 et
1132 2874 1356 2922 paupertas
1377 2874 1420 2909 et
1443 2869 1651 2923 imperitia
1670 2882 1808 2908 rerum

308 2924 527 2965 manifesta
559 2923 798 2964 testimonia
823 2923 1081 2976 perhibeant,
1118 2923 1195 2963 hoc
1229 2930 1305 2974 est,
1342 2939 1504 2966 omnem
1534 2924 1807 2978 suspicionem
