1956 3236
455 133 782 175 ADVERSUS
815 130 1231 173 ZENOTHEMIN.
1496 129 1605 170 1097

150 242 243 295 883,
272 254 304 280 1.
339 239 688 293 ἄνπερ-δυνηθῶ]
723 239 864 291 Jungc
901 240 1022 288 ἄνπερ
1058 236 1249 277 πολλάκις
1281 237 1404 274 εἰπεῖν
1437 236 1601 282 δυνηθῶ.

96 297 219 337 Plato
243 296 417 350 Republ.
439 310 478 347 4.
504 311 542 349 p.
566 309 662 347 424.
689 296 740 346 μὴ
762 295 951 336 πολλάκις
972 295 1038 333 τὸν
1067 292 1228 342 ποιητήν
1249 308 1304 332 τις
1332 292 1455 339 οἴηται
1474 288 1607 339 λέγειν

94 370 126 393 κ.
149 370 182 392 τ.
205 359 243 393 λ.
305 353 425 403 Quod
463 352 583 406 vulgo
620 356 816 392 vortunt:
858 365 904 390 sne
925 351 1036 403 forte
1063 353 1293 401 ροὶῐίιιηι-.
1357 345 1455 385 Alia
1486 344 1609 397 hujus

94 408 314 449 locutionis
335 408 517 448 nondum
540 407 642 448 satis
668 408 898 461 explicatae
927 405 1115 459 exempla
1137 402 1344 456 congressi
1367 402 1407 441 in
1432 402 1491 440 H.
1517 402 1608 440 Ste-

93 465 219 519 phani
252 465 374 517 Thes.
407 479 440 504 0.
466 466 586 518 7855.
618 470 724 504 extr.
759 464 822 503 ed.
855 463 984 502 Lond.
1048 462 1180 501 1)(1001
1217 456 1357 499 autem
1394 457 1459 497 hic
1496 457 1608 496 locus

94 521 221 562 ctiam
243 526 431 561 oratores
453 521 509 559 sic
530 522 690 560 locutos
716 534 816 566 csse,
840 519 950 572 quod
971 516 1235 557 addubitavit
1259 516 1331 554 Fr.
1351 514 1404 554 A.
1427 512 1607 553 NVolfius

93 577 147 618 ad
172 577 339 617 Platon.
362 577 574 617 Phaedon.
602 592 640 630 p.
666 589 730 629 25.
766 574 1018 616 SCHAEF.

153 634 246 683 884,
282 644 318 685 7.
360 632 759 683 ἵν’-ἐπιτελεσθείη]
806 632 951 672 Citant
994 629 1153 669 Anecd.
1197 627 1322 667 1101111.
1359 641 1398 679 p.
1428 639 1516 677 140,
1547 637 1607 678 13.

97 689 348 730 SCHAEF.

153 747 246 796 884,
279 758 336 784 11.
360 748 426 783 τοῦ
453 743 540 795 παρ’
563 745 668 794 ἡμῶν
697 743 986 798 συμπλέοντος]
1014 742 1031 781 Ι
1054 739 1314 780 understand
1334 752 1388 778 an
1416 742 1542 789 agent
1568 737 1614 776 of

96 801 257 841 Dcmon
295 801 378 841 and
418 801 585 840 Protus.
646 800 735 839 The
772 802 904 853 safoty
941 800 986 838 of
1019 797 1212 837 Demon's
1246 796 1338 835 loan
1375 800 1420 833 to
1454 793 1609 832 Protus

95 857 310 911 dcpcnded
333 872 384 896 011
407 856 478 896 the
501 871 627 907 cargo
654 856 818 910 coming
839 856 925 896 safe
944 871 951 894 :
987 869 1031 894 so
1053 854 1104 893 110
1130 857 1221 892 00111
1244 867 1269 892 a
1289 865 1385 890 man
1407 854 1452 889 to
1474 848 1609 888 watch

95 913 158 953 his
188 913 376 953 interest.
410 913 695 952 I‘ENROSE.

153 971 249 1021 884,
280 983 339 1022 13.
363 971 423 1008 διὰ
445 970 531 1010 τοὺς
554 969 663 1010 θεοὺς
686 967 857 1018 μάλιστά
877 984 934 1018 γε,
960 967 1043 1006 εἶτα
1069 963 1206 1017 καὶ-]
1234 963 1299 1003 Sic
1320 963 1441 1015 longe
1462 960 1608 1000 rarius.

99 1026 239 1066 Multo
269 1024 551 1079 frequentius:
583 1024 757 1075 μάλιστα
786 1026 858 1074 μὲν
891 1025 1022 1070 ὃιᾶ-,
1053 1021 1135 1061 εἶτα
1167 1021 1298 1059 καὶ-.
1335 1019 1509 1068 μάλιστα
1539 1018 1611 1066 μὲν

96 1084 159 1122 διὰ
179 1082 266 1124 τοὺς
288 1082 408 1129 θεοὺς,
427 1082 560 1120 ἔπειτα
581 1083 621 1120 δὲ
646 1082 706 1120 καὶ
727 1083 788 1120 διὰ
809 1080 897 1122 τοὺς
918 1078 1140 1127 δικάζοντας
1160 1078 1264 1126 ὑμῶν
1287 1076 1439 1123 ἐσώθην
1460 1088 1498 1127 p.
1518 1085 1610 1125 702,

98 1139 135 1178 8.
177 1138 417 1191 Xenophon
440 1137 590 1191 Cyrop.
610 1150 649 1187 4,
676 1149 710 1184 2,
735 1149 795 1175 12.
825 1137 1014 1184 ἐπηύξατο
1045 1134 1215 1184 μάλιστα
1244 1133 1316 1181 μὲν
1345 1131 1454 1172 θεοὺς
1484 1130 1612 1171 αὐτοῖς

96 1195 210 1235 ἵλεως
231 1195 345 1235 ὄντας
366 1194 547 1245 ἡγεῖσθαι
570 1194 631 1233 καὶ
652 1193 805 1244 σφίσιν,
829 1193 961 1232 ἔπειτα
983 1193 1023 1230 δὲ
1048 1191 1179 1229 Kal—a
1213 1186 1464 1228 SCHAEF.

156 1251 249 1300 884,
279 1252 341 1290 18.
364 1251 383 1289 ὁ
414 1251 642 1300 ναύκληρος]
671 1250 970 1302 Hegcstratus,
993 1246 1070 1285 nisi
1097 1245 1162 1285 illc
1182 1243 1321 1298 potius
1346 1241 1612 1296 Hegesistra-

98 1310 166 1346 tus
188 1310 263 1346 est.
296 1305 491 1345 REISK.
544 1305 637 1344 Non
664 1310 740 1344 est.
786 1304 852 1344 Sic
874 1303 1030 1343 dicitur
1048 1301 1288 1353 ‘Hye'Jx0X05.
1322 1298 1573 1339 SCHAEF.

156 1363 207 1401 88
211 1373 249 1415 5,
276 1375 312 1402 2.
338 1361 588 1415 ἐργαστήρια]
614 1361 730 1401 Malo
759 1375 881 1400 sensu
907 1359 1076 1399 dictum.
1120 1357 1174 1397 V.
1197 1356 1338 1396 Reisk.
1366 1354 1456 1393 Ind.
1483 1354 1612 1394 Grae-

99 1418 217 1459 citat.
252 1417 506 1457 SCHAEF.

158 1476 251 1527 885,
274 1485 314 1528 5.
344 1474 592 1525 πρεσβευτὴν
614 1475 656 1513 ἐκ
683 1475 832 1523 βουλῆς
856 1489 942 1512 τινα
967 1469 1243 1521 λαμβάνομεν]
1273 1468 1484 1507 Obscurus
1512 1465 1613 1505 mihi

98 1531 165 1571 hic
195 1531 308 1570 locus
339 1535 415 1570 cst.
479 1529 687 1570 Credibile
712 1544 794 1568 11011
826 1533 889 1568 est
920 1527 1128 1567 hominem
1157 1523 1413 1564 senatorium
1441 1537 1489 1561 00
1518 1536 1615 1561 0011-

98 1592 255 1627 temtus
287 1586 498 1633 decidisse,
530 1591 577 1625 ut
605 1600 630 1625 a
658 1585 962 1625 mercatoribus
993 1598 1034 1623 sc
1066 1586 1284 1635 pateretur
1314 1594 1389 1633 pro
1420 1592 1614 1631 procura-

100 1648 191 1683 tore
223 1648 297 1683 ant
324 1647 466 1682 actore
494 1641 757 1696 negotiorum
788 1654 956 1680 suorum
987 1639 1029 1678 in
1060 1637 1236 1678 insulam
1263 1634 1460 1689 ablegari.
1523 1633 1614 1673 Nisi

100 1699 291 1739 additum
325 1703 434 1738 esset
470 1701 567 1745 τινὰ,
602 1702 743 1751 posset
777 1699 818 1736 ἐκ
853 1699 1003 1746 βουλῆς
1037 1693 1175 1747 aliquo
1212 1692 1336 1731 modo
1371 1689 1502 1743 accipi
1539 1704 1615 1743 pro

101 1754 396 1795 commmze'mtis
418 1755 519 1794 inter
539 1768 576 1794 se
598 1754 782 1794 consiliis.
825 1753 907 1791 Sed
929 1758 971 1792 et
992 1752 1069 1791 1100
1091 1750 1225 1803 ipsum
1246 1750 1354 1788 foret
1375 1746 1615 1800 languidum

102 1816 145 1852 et
175 1811 427 1851 redundans.
471 1809 588 1850 Alias
618 1810 862 1861 πρεσβευτὴς
892 1813 957 1848 est
985 1821 1100 1861 czsrens
1130 1806 1172 1845 in
1202 1804 1327 1852 rebus,
1355 1808 1403 1843 ut
1434 1803 1467 1841 si
1499 1802 1617 1842 colle-

101 1867 216 1922 gium
244 1871 524 1907 mercatorum
546 1881 580 1905 e.
606 1880 639 1905 c.
663 1870 737 1905 aut.
758 1870 1011 1904 mercatores
1033 1862 1201 1916 quidam
1222 1859 1417 1914 privatim
1439 1858 1618 1911 aliquem

103 1923 357 1964 causidicum
377 1923 516 1975 aliquo
535 1921 710 1961 mittant
732 1919 1113 1973 componendorum
1136 1931 1282 1957 caussa
1303 1929 1470 1955 suorum
1493 1928 1617 1967 nego—

104 1979 271 2028 tiorum,
309 1979 442 2033 qualis
478 1978 605 2018 etiam
641 1977 707 2016 hic
743 1976 998 2030 designatur.
1041 1974 1095 2013 V.
1129 1988 1170 2026 p.
1198 1985 1320 2020 1121,
1348 1985 1380 2011 1.
1413 1970 1616 2009 REISK.

106 2037 298 2083 Senator,
321 2035 482 2088 opinor,
502 2034 651 2072 missus
674 2038 748 2079 est,
773 2038 817 2072 ut
841 2046 928 2071 rem
949 2031 1167 2084 adjuvaret
1188 2027 1417 2068 auctoritas
1438 2025 1616 2081 publica.

105 2091 225 2131 Conf.
254 2103 435 2144 111121,
459 2103 492 2138 1,
523 2089 591 2129 11111
621 2090 731 2142 quod
758 2090 936 2128 refertur
964 2087 1193 2140 negotium,
1222 2084 1305 2124 tale
1336 2083 1427 2130 fuit,
1461 2087 1507 2122 ut
1539 2081 1617 2120 nisi

105 2147 270 2201 publica
301 2146 558 2186 auctoritate
590 2144 767 2199 transigi
798 2158 880 2183 non
911 2143 1097 2197 potuisse
1127 2141 1330 2181 videatur.
1366 2138 1618 2179 SCHAEF.

107 2203 202 2243 Non
237 2202 505 2256 cogitandum
541 2202 592 2241 de
628 2207 847 2241 senatore:
895 2199 1011 2252 cujus
1052 2196 1275 2238 commenti
1314 2194 1620 2235 absurditatem

105 2260 210 2299 bene
246 2258 375 2298 sensit
408 2258 612 2298 Reiskius.
675 2257 789 2296 Nihil
825 2256 938 2296 aliud
968 2255 1093 2294 verba
1123 2253 1191 2293 illa
1227 2251 1461 2306 significant
1493 2263 1619 2303 quam

107 2315 218 2368 quod
250 2315 338 2368 jam
376 2314 435 2352 W
439 2315 557 2353 olfius
593 2314 793 2353 vertendo
834 2310 1037 2365 expressit
1076 2310 1172 2349 inito
1207 2308 1377 2348 consilio.
1452 2306 1500 2345 In
1538 2319 1620 2358 quo

106 2386 189 2411 non
210 2371 328 2411 video
351 2370 448 2423 quid
470 2370 710 2424 languidum
732 2369 786 2408 sit
811 2373 886 2408 aut
906 2366 1158 2406 redundans

165 2428 323 2477 οὑτωσὶ]
356 2427 440 2473 Sic,
469 2426 743 2479 qualicunque
772 2423 980 2464 tralatitia
1007 2421 1172 2469 notitia,
1194 2424 1241 2459 ut
1270 2419 1404 2459 solent
1433 2416 1619 2457 homines

109 2482 218 2522 inter
252 2496 295 2522 se
327 2481 416 2522 noti
451 2496 552 2530 esse,
587 2496 670 2521 non
701 2479 987 2521 familiaritate
1018 2491 1153 2531 neque
1188 2473 1492 2515 necessitudine
1525 2487 1620 2512 con-

104 2538 252 2592 juncti.
289 2537 483 2577 REISK.

169 2595 219 2633 88
224 2604 262 2648 5,
286 2595 324 2633 6.
356 2594 544 2645 τοιοῦτος]
574 2593 806 2646 Improbus,
839 2604 1030 2644 nequam,
1062 2592 1289 2635 veterator,
1321 2585 1453 2638 qualis
1483 2590 1547 2624 est
1579 2588 1621 2622 et

111 2650 275 2704 qualem
295 2663 373 2688 usu
394 2653 437 2688 et
458 2649 610 2688 damno
632 2653 776 2688 nostro
799 2646 1078 2700 cognovimus.
1114 2642 1309 2684 REISK.

169 2706 263 2758 885,
287 2715 326 2756 7.
353 2704 638 2757 ἢ-ο-υμμῖξαι]
667 2704 738 2743 Ad
757 2702 780 2752 ἢ
802 2702 977 2742 subaudi
1001 2702 1096 2740 ἐστί.
1128 2712 1247 2754 quam
1275 2702 1327 2737 est
1354 2694 1623 2749 infhrz‘mzz'um

109 2761 245 2801 statim
265 2775 291 2800 a
309 2761 516 2814 principio
537 2761 580 2800 in
600 2760 722 2800 malos
750 2759 920 2798 homines
947 2756 1130 2804 incidere,
1153 2756 1193 2795 h.
1216 2768 1250 2793 e.
1273 2767 1366 2792 cum
1387 2749 1622 2790 hominibus

110 2831 198 2857 rem
218 2816 383 2864 habere,
407 2816 475 2869 qui
496 2829 708 2868 nunquam
728 2815 779 2854 de
801 2828 843 2853 se
865 2812 1044 2866 speciem
1069 2808 1296 2865 probitatis
1322 2805 1523 2851 dederint,
1547 2804 1621 2843 sed

113 2871 258 2913 statim
287 2886 312 2911 a
343 2871 561 2925 principio,
590 2871 724 2924 primo
756 2869 901 2910 statim
936 2867 1220 2921 experimento
1254 2863 1329 2911 sui,
1361 2875 1404 2901 00
1434 2860 1620 2913 improbe
