1935 3200
280 121 392 160 1122
691 120 1014 161 ADVERSUS
1049 121 1381 164 LAGRITUM.

282 223 328 263 of
342 223 485 276 goods‚
509 224 591 264 and
618 238 728 278 upon
756 224 829 264 the
856 238 1005 278 money
1026 224 1213 265 received
1233 225 1339 265 from
1365 240 1624 281 passengers.
1657 226 1795 266 PEN-

341 348 435 389 934,
456 348 490 375 1.
518 335 632 375 οὐδὲν
662 336 755 388 γὰρ]
795 335 981 376 Subaudi
1006 337 1163 386 τούτων,
1185 338 1209 377 ἃ
1238 339 1558 390 προφασίζονται.
1600 338 1796 380 REISK.

283 390 338 430 V.
360 395 447 430 not.
471 405 585 444 sequ.
629 391 885 431 SCHAEF.

338 446 542 500 προσήκει]
565 449 616 500 τῷ
637 448 807 501 ἡμετέρῳ
828 448 1035 500 πράγματι.
1068 448 1263 489 REISK.
1328 449 1440 490 Satis
1462 465 1647 504 Operose.
1692 450 1797 491 Sim·

282 502 428 557 plicius
449 503 503 543 ad
525 503 638 543 οὐδὲν
658 505 733 555 γὰρ
753 504 940 554 προσήκει
961 505 1186 545 subaudias
1207 505 1353 557 λέγειν.
1398 507 1657 547 SCHAEF.

341 572 436 611 934,
461 570 523 612 15.
555 559 773 613 κυβερνῶν]
808 564 1007 611 κυβερνῶν
1027 575 1104 614 pro
1125 561 1293 615 vulgato
1326 566 1562 613 κυβερνῶντι
1593 578 1644 603 ex
1675 564 1795 604 codd.

282 615 539 655 restitutum.
609 615 833 669 Hyblesius
868 616 977 656 enim
1016 621 1111 657 erat
1151 617 1368 657 nauclerus
1404 619 1508 658 duas
1548 634 1631 660 una
1669 634 1797 674 agens

281 685 409 711 naves
440 671 481 710 in
514 671 721 711 Pontum:
757 671 963 712 Erasicles
994 677 1085 713 erat
1115 673 1372 728 gubernator
1401 674 1572 714 alterius
1603 675 1720 715 navis
1741 676 1797 717 vi-

281 727 386 781 ginti
414 741 623 767 remorum
655 729 705 779 (v.
728 743 768 781 p.
792 730 920 782 926),
950 728 992 768 in
1023 744 1106 782 qua
1137 744 1295 769 merces
1324 730 1566 771 Artemonis
1597 736 1639 772 et
1670 731 1797 785 Apol-

280 783 413 822 lodori
434 788 567 831 erant,
587 798 693 837 quae
714 784 829 823 navis
851 784 965 824 salva
986 799 1008 824 e
1031 785 1171 826 Ponto
1193 786 1386 826 Athenas
1407 787 1542 826 rediit.
1592 788 1642 827 In
1663 788 1799 829 altera

284 838 510 893 Hyblesius
541 840 628 893 ipse
649 840 879 880 vehebatur
906 855 998 880 cum
1026 841 1233 881 mercibus
1262 846 1353 882 tam
1379 842 1523 882 alienis
1545 858 1670 897 quam
1698 844 1796 893 suis,

282 895 324 934 in
347 910 450 948 quas
478 895 514 935 ei
543 895 773 949 Antipater
802 910 873 936 aes
900 897 1096 937 foenebre
1127 898 1375 945 crediderat,
1399 903 1442 938 et
1469 913 1562 938 cum
1591 900 1798 940 mercibus

283 951 561 1004 Apollonidae
594 951 660 991 hic
686 952 898 992 testantis.
963 952 1082 993 Haec
1114 953 1229 993 navis
1263 954 1304 993 in
1334 954 1474 995 Ponto
1504 955 1640 1008 periit.
1701 955 1797 996 Hae

282 1007 389 1047 duae
410 1022 537 1047 naves
559 1007 789 1055 συνέπλεον,
812 1023 896 1049 una
923 1008 1005 1048 iter
1031 1010 1225 1063 agebant.
1265 1010 1465 1050 REISK.
1528 1011 1660 1052 Recte
1681 1012 1797 1053 dedit

284 1068 495 1114 κυβερνῶν.
546 1063 599 1103 V.
617 1078 655 1116 p.
675 1076 769 1117 929,
792 1077 855 1114 14.
917 1064 1068 1105 Cet-era
1089 1065 1247 1105 Reiskii
1269 1081 1351 1105 non
1373 1067 1517 1119 probo.
1566 1067 1620 1107 V.
1638 1072 1725 1109 not.
1742 1069 1797 1109 ad

281 1133 322 1172 p.
346 1133 439 1173 933,
464 1133 523 1159 11.
565 1120 815 1160 SOHAEF.

341 1189 435 1229 934,
462 1177 526 1215 26.
557 1176 752 1229 ταρίχους]
785 1176 880 1216 Duo
916 1177 1035 1216 codd.
1065 1179 1238 1230 ταρίχου.
1298 1177 1397 1219 Hoc
1422 1179 1570 1219 Ionum
1598 1184 1675 1219 est.
1740 1179 1792 1220 V.

281 1230 442 1271 Aneed.
468 1231 600 1270 Bekk.
623 1247 663 1284 p.
685 1245 780 1286 309,
803 1245 862 1280 14.
917 1232 1170 1272 SCHAEF.

340 1300 434 1341 934,
461 1288 526 1328 28.
550 1289 792 1340 Δαμοτίμου]
838 1288 902 1328 De
932 1289 1066 1329 forma
1095 1289 1217 1343 hujus
1248 1289 1425 1329 nominis
1448 1290 1602 1331 Dorica
1622 1306 1657 1331 v.
1679 1291 1734 1331 ad
1755 1305 1794 1345 p.

286 1355 405 1395 1310,
425 1344 462 1382 6.
506 1343 754 1383 SOHAEF.

340 1412 434 1452 934,
461 1412 524 1452 29.
549 1398 810 1452 Θυμαιτάδης]
844 1399 936 1439 Non
964 1399 1221 1450 Θυμοιτάὸης,
1251 1405 1299 1441 ut
1325 1401 1423 1441 alibi
1455 1401 1665 1442 interdum
1696 1402 1795 1442 scri-

282 1458 400 1507 ptum
432 1459 474 1494 et
508 1455 573 1494 hic
605 1455 726 1494 scribi
753 1455 882 1495 voluit
908 1456 1112 1496 Reiskius.
1160 1457 1214 1497 V.
1237 1472 1343 1510 quac
1375 1457 1460 1497 dixi
1496 1459 1550 1498 ad
1576 1458 1795 1512 Aristoph.

284 1510 412 1564 Vesp.
434 1513 551 1564 1138.

339 1577 434 1620 935,
456 1580 489 1606 Ῑ.
516 1567 790 1620 Κτησικλέους]
824 1569 994 1616 Κτησίου
1014 1583 1053 1621 p.
1078 1581 1171 1622 929,
1198 1581 1263 1622 25.

339 1633 433 1676 935,
457 1625 494 1662 6.
530 1623 608 1662 κατ’
628 1625 833 1676 ἐμπορίαν]
871 1624 965 1663 Duo
996 1625 1112 1663 codd.
1138 1627 1190 1666 εἰς
1222 1627 1421 1676 ἐμπορίαν.
1484 1625 1728 1665 Herodotus
1755 1640 1793 1680 3,

285 1691 376 1731 139.
400 1680 517 1718 ἄλλοι
542 1695 584 1718 τε
612 1680 752 1731 συχνοὶ
780 1681 820 1721 ἐς
841 1680 909 1728 τὴν
931 1682 1129 1730 Αἴγυπτον
1151 1682 1333 1720 ἀπίκοντο
1354 1680 1575 1730 εΕλλήνων,
1603 1683 1639 1721 οἱ
1665 1683 1795 1732 μὲν-

279 1734 359 1773 κατ’
379 1736 578 1785 ἐμπορίην,
604 1752 636 1774 κ.
656 1752 689 1774 τ.
711 1742 750 1773 λ.
793 1734 1043 1774 SCHAEF.

339 1800 433 1843 935,
470 1804 530 1830 11.
575 1792 899 1843 κατεχόμενοι-
915 1790 1168 1844 ἀπεκρίνατο]
1222 1791 1276 1831 V.
1316 1796 1403 1831 not.
1445 1793 1499 1831 ad
1539 1807 1578 1846 p.
1621 1802 1716 1847 925,
1754 1792 1792 1832 8.

282 1846 543 1885 SCHAEF.

338 1913 432 1955 937,
468 1915 533 1941 21.
569 1904 623 1952 μὰ
658 1902 726 1941 τὸν
763 1903 840 1941 Δία
874 1902 944 1941 τὸν
979 1903 1144 1955 ἄνακτα]
1195 1902 1249 1942 V.
1282 1902 1483 1943 Libanius
1518 1918 1558 1956 p.
1598 1917 1693 1958 923‚
1730 1917 1791 1958 13.

279 1957 529 1997 SCHAEF.

337 2024 431 2066 937,
462 2024 526 2066 27.
563 2015 921 2069 καταφρονοῦντας]
959 2014 1100 2067 Junge
1132 2018 1472 2065 καταφρονοῦντας
1503 2016 1563 2054 καὶ
1595 2016 1794 2066 οἰομένους

278 2070 425 2110 δεινοὺς
448 2070 546 2109 εἶναι
568 2074 613 2109 ut
637 2070 763 2109 verba
786 2070 906 2108 unius
928 2069 1122 2109 notionis.
1166 2070 1385 2118 l'otuerat,
1409 2071 1487 2110 nisi
1509 2071 1792 2111 abundantior

278 2124 442 2177 phrasis
459 2125 666 2164 decuisset
687 2129 908 2172 oratorem,
926 2125 1090 2164 brevius
1112 2125 1234 2164 scribi
1252 2142 1260 2164 ε
1289 2130 1627 2177 καταφρονοῦντας
1648 2129 1794 2169 δεινοὺς

279 2180 391 2220 εἶναι.
453 2180 568 2230 Quae
589 2180 920 2233 breviloquentia
942 2186 1005 2220 est
1032 2181 1336 2220 historicorum.
1398 2183 1646 2222 Herodotus
1669 2197 1700 2231 1,
1724 2185 1791 2223 66.

278 2237 646 2286 καταφρονήσαντες
665 2235 865 2287 Ἀρκάδων
897 2236 1109 2286 κρέσσονες
1140 2237 1251 2276 εἶναι.
1298 2237 1350 2276 ad
1380 2252 1417 2290 q.
1443 2238 1467 2276 l.
1490 2238 1791 2293 NVesselingius

278 2291 455 2332 eontulit
487 2292 681 2345 Abydeni
716 2292 1087 2342 καταφρονήσαντας
1123 2293 1329 2340 ἆμείιὌιάς
1366 2294 1476 2334 εἶναι.
1527 2294 1581 2334 V.
1614 2296 1790 2347 praefat.

276 2347 330 2387 ad
352 2348 607 2387 Anaereont.
629 2347 872 2387 Tauchnitz.
896 2362 935 2400 p.
959 2361 1020 2387 11.
1064 2347 1314 2387 SOHAEF.

335 2404 429 2457 938,
457 2417 485 2442 1.
510 2403 785 2456 οἰμωξομένου]
820 2404 900 2442 One
930 2404 1013 2443 {leat
1043 2404 1214 2443 ‹Zeserves
1236 2404 1502 2455 punishment.
1564 2405 1604 2445 A
1627 2405 1791 2446 curious

276 2459 495 2498 extension
518 2460 563 2498 of
580 2459 651 2498 the
673 2473 863 2498 common
885 2473 957 2498 use
978 2459 1024 2498 of
1047 2460 1119 2498 the
1141 2459 1385 2512 imperative
1411 2461 1457 2499 of
1473 2462 1631 2512 οἰμώζω,
1654 2462 1695 2501 in
1719 2462 1791 2502 the

277 2528 396 2554 sense
417 2515 463 2554 of
479 2530 504 2554 a
525 2519 614 2554 sort
635 2514 681 2553 of
707 2515 849 2553 threat
870 2529 917 2553 or
938 2514 1216 2554 malediction.
1249 2515 1536 2556 PENROSE.
1600 2517 1681 2557 Est
1705 2532 1790 2557 mo-

276 2570 354 2608 dus
384 2570 578 2623 loquendi
608 2569 773 2609 comicis
795 2569 990 2610 usitatior
1012 2585 1136 2623 quam
1164 2571 1413 2611 oratoribus.
1476 2573 1544 2613 Sic
1566 2573 1785 2627 Aristoph.

278 2624 377 2665 Pac.
403 2627 495 2678 756.
520 2626 658 2666 ἑκατὸν
678 2627 719 2665 δὲ
742 2626 865 2678 κύκλῳ
889 2627 1058 2677 κεφαλαὶ
1082 2627 1258 2666 κολάκων
1279 2628 1549 2678 οἰμωξομένων
1571 2631 1787 2681 ἐλιχμῶντο

275 2681 362 2732 περὶ
384 2682 452 2731 τὴν
474 2682 664 2733 κεφαλήν.

332 2736 520 2788 Λάκριτος
545 2737 576 2776 δ’
593 2736 724 2776 οὑτοσὶ
746 2736 843 2789 etc]
877 2736 965 2776 The
997 2737 1215 2777 character
1244 2737 1365 2790 given
1393 2743 1438 2779 to
1466 2739 1659 2779 Lacritus
1689 2740 1787 2780 here

275 2792 309 2831 is
340 2794 576 2846 something
606 2792 688 2831 like
715 2792 811 2831 that
841 2792 1029 2832 ascribed
1050 2797 1095 2833 to
1118 2793 1313 2833 Socrates
1334 2794 1389 2846 by
1412 2795 1718 2849 Aristophanes
1744 2796 1786 2835 in

274 2848 347 2887 the
367 2849 519 2888 Clouds.
564 2847 849 2887 PENROSE.
