1925 3215
606 125 660 160 lN
697 124 1136 162 DEMOSTHENEM.

120 223 329 267 Diognetus,
351 224 458 258 homo
486 224 678 258 dissolutus
707 232 739 258 et
769 237 844 270 per-

165 269 258 303 ditus
277 281 358 315 992,
379 271 432 304 26.

120 316 332 360 Diognetus,
362 317 558 355 Thoria-ius,
593 323 740 350 testatur
777 317 845 351 De-

165 362 339 396 mostheni
369 363 536 396 adversus
565 363 845 408 'l‘hrasylochum

167 419 246 451 541,
266 408 298 442 6.

123 454 281 488 Diondas
314 467 418 499 super
449 455 560 499 prima
589 466 718 489 corona
745 467 847 488 aurea

171 501 400 534 Demostheni
429 501 536 534 movit
563 502 846 540 controversiam,

169 546 230 580 sed
253 547 391 587 frustra,
410 553 556 581 conatus
575 547 604 580 ei
622 548 750 592 eripere
767 559 846 592 302,

174 603 225 635 15.
245 604 324 637 310,
344 604 395 627 10.

126 638 329 684 Dionysius,
358 639 491 672 Siciliae
521 646 702 683 tyrannus,
729 639 771 673 ab
800 640 847 672 A-

169 685 409 719 theniensibus
444 686 579 718 civitate
613 686 763 719 donatus
797 692 849 719 est

176 731 319 770 161,11.
354 732 514 775 primitus
540 731 604 764 fuit
634 732 758 772 scriba,
784 732 848 765 hoc

171 784 223 810 est
241 777 398 811 minister
415 777 576 821 publicus
595 778 672 819 506,
693 789 747 811 21.

126 823 318 868 Dionysius
346 824 477 867 junior,
508 835 527 856 a
559 824 671 857 Dione
701 825 848 857 circum-

171 875 308 909 ventus,
323 876 375 903 est
392 869 536 913 imperio
553 876 679 904 exutus
697 870 777 914 506,
794 881 847 903 22.

173 915 314 960 Olymp.
332 915 405 955 106,
423 927 451 948 1.

126 961 317 1007 Dionysius
349 960 617 1001 Democratidis,
647 961 848 996 Cholliden-

171 1008 218 1041 sis
236 1018 315 1052 929,
336 1007 390 1041 26.

125 1053 317 1098 Dionysius
344 1053 573 1098 Aphidnaeus
603 1060 750 1088 testatur
779 1055 848 1088 De-

169 1100 345 1133 mostheni
377 1101 413 1133 in
447 1112 569 1134 caussa
602 1100 715 1134 caedis
742 1101 848 1134 Nico-

170 1145 262 1179 demi
280 1155 359 1190 549,
380 1157 434 1179 22.

125 1191 317 1237 Dionysius
341 1192 464 1237 aliquis
483 1192 707 1226 Atheniensis
725 1205 848 1226 nume-

169 1244 265 1272 ratur
281 1239 317 1271 in
335 1239 519 1279 sceleratis,
534 1239 593 1284 qui
611 1240 764 1283 corrupti
781 1240 848 1272 lar-

169 1284 360 1328 gitionibus
379 1285 507 1328 patriae
525 1285 709 1318 commoda
727 1285 847 1319 vendi-

171 1330 296 1364 derunt
314 1331 393 1375 398,
413 1342 447 1374 3.

124 1376 328 1421 Dionysius,
347 1377 493 1411 fortasse
516 1377 745 1420 megarensis,
765 1389 847 1411 con-

170 1422 298 1456 ditione
323 1423 437 1456 servili
462 1429 576 1463 natus,
595 1423 715 1457 fraude
740 1424 847 1468 impe-

168 1469 270 1502 travit
298 1469 518 1513 quorundam
545 1469 692 1503 Athenis
727 1476 847 1514 poten-

168 1515 269 1555 tium,
299 1521 338 1549 ut
372 1527 548 1559 proxenus
581 1515 847 1549 Atheniensium

169 1573 231 1595 seu
248 1568 452 1605 procurator
468 1562 504 1595 in
525 1561 611 1595 urbe
635 1574 698 1595 sua
720 1562 847 1596 scribe-

170 1613 265 1640 retur
282 1617 361 1652 497,
383 1616 413 1652 7.

124 1653 404 1698 Dionysodorus,
439 1654 645 1698 negotiator,
679 1654 713 1687 in
744 1666 847 1699 quem

169 1706 222 1732 est
239 1700 327 1733 actio
344 1712 378 1744 p.
396 1701 482 1733 1282
503 1712 554 1744 sq.

124 1745 347 1789 Diophantus
370 1746 468 1779 testis
486 1758 505 1779 a
524 1746 760 1780 Demosthene
786 1747 846 1780 ad-

168 1803 289 1825 versus
312 1792 522 1826 Aeschinem
551 1793 742 1836 productus
766 1804 846 1836 403,

173 1849 223 1872 10.
257 1838 402 1872 fortasse
421 1838 526 1877 idem,
545 1839 604 1882 qui
629 1839 663 1872 in
691 1839 791 1872 claris
815 1846 847 1872 et

168 1884 370 1928 potentibus
405 1884 601 1918 oratoribus
643 1891 847 1918 numeratur

168 1929 247 1974 436,
271 1941 322 1973 13.
374 1937 446 1964 erat
485 1930 645 1963 factionis
687 1931 846 1974 princeps

168 1977 248 2020 498,
269 1976 323 2009 26.
365 1977 419 2009 lex
448 1977 521 2020 ejus
551 1977 609 2015 illi,
636 1977 694 2021 qui
723 1977 756 2010 in
788 1977 845 2010 de-

168 2022 341 2055 fendenda
373 2023 493 2066 populi
520 2022 677 2056 libertate
704 2022 845 2056 cecidis-

169 2074 230 2108 set,
245 2080 343 2111 pares
362 2068 549 2102 decernens
566 2068 728 2108 honores,
744 2075 847 2114 atque

170 2113 363 2147 Harmodio
382 2120 414 2147 et
432 2114 663 2158 Aristogitoni
681 2125 746 2158 505
766 2127 844 2158 pen.

168 2159 373 2204 Psephisma
405 2160 480 2202 eius
508 2160 549 2194 de
583 2161 845 2204 supplicatione,

167 2212 207 2239 ut
235 2206 383 2246 videtur,
418 2206 631 2240 instituenda
664 2207 708 2240 ob
737 2207 845 2242 victo-

167 2253 253 2285 riam
271 2253 388 2286 nescio
406 2264 511 2297 quam
530 2252 608 2297 368,
627 2252 659 2286 6.
699 2253 846 2287 Videtur

166 2298 223 2332 hic
247 2298 296 2331 illi
319 2310 405 2338 esse,
424 2310 528 2344 quem
546 2299 726 2333 Diodorus
746 2300 845 2333 Sicu-

166 2345 221 2377 lus
241 2355 272 2377 2.
299 2356 333 2388 p.
353 2356 428 2389 119.
457 2344 514 2378 Ol.
532 2355 608 2389 107,
627 2356 659 2389 3.
702 2357 842 2389 operam

167 2390 213 2423 ait
226 2391 399 2435 egregiam
414 2391 487 2435 regi
502 2390 686 2424 Persarum
702 2392 738 2425 in
754 2391 844 2426 bello

166 2436 380 2480 Aegyptiaco
399 2448 555 2470 navasse.

122 2481 317 2525 Diopithes‚
350 2484 536 2525 imperator
565 2483 843 2523 Atheniensium,

167 2527 337 2561 deducere
366 2528 535 2561 coloniam
565 2529 600 2561 in
625 2529 844 2563 Cherrhone-

167 2584 247 2606 sum
267 2574 402 2617 jussus,
421 2585 441 2606 a
464 2574 605 2618 reliquis
625 2574 843 2609 Cherrhone-

167 2619 240 2652 sitis
270 2630 350 2652 cum
381 2618 555 2652 admissus
584 2626 686 2659 esset,
714 2632 734 2654 a
763 2621 844 2654 solis

168 2663 349 2698 Cardiauis
390 2665 618 2709 rejiciebatur,
661 2666 710 2708 (id
750 2667 844 2711 quod

166 2709 296 2743 factum
331 2716 382 2743 est
414 2716 495 2754 post
530 2722 649 2754 pacem
685 2712 844 2756 Philippo

168 2767 248 2788 cum
287 2755 414 2789 Athen.
455 2757 671 2790 conciliatam
704 2769 759 2802 91,
791 2768 843 2800 15.

172 2812 248 2843 114,
264 2803 333 2845 15.)
368 2813 470 2846 quem
496 2802 686 2836 incolerent
707 2815 842 2848 agrum,

168 2858 248 2880 eum
270 2858 373 2880 suum
392 2847 564 2881 aientibus
582 2860 667 2888 esse,
686 2855 718 2882 et
735 2849 844 2883 Athe-

168 2892 348 2926 niensibus
375 2893 410 2926 in
440 2905 518 2926 eum
544 2894 633 2937 juris
659 2895 844 2940 quicquam

169 2950 243 2972 esse
285 2939 505 2983 negantibus,
543 2946 576 2972 et
618 2940 652 2973 in
695 2940 844 2984 Philippi

1530 130 1627 172 1475

945 225 1047 258 sidem
1082 237 1157 259 sese
1190 225 1409 260 (ledentibus.
1464 228 1625 272 Quapro-

945 279 1030 315 pter,
1061 272 1222 316 Philippo
1257 273 1290 305 iu
1317 272 1466 306 Thracia
1496 274 1625 308 bellum

943 325 1083 361 gerente
1102 325 1134 351 et
1149 318 1253 351 ‹lomo
1270 318 1423 358 absente,
1443 320 1626 364 Diopithes

946 363 1172 397 Macedoniae
1203 376 1296 398 oram
1329 366 1537 399 maritimam
1568 366 1626 400 de-

945 411 1132 454 populatus
1157 417 1227 443 est:
1256 422 1324 455 qua
1345 411 1387 444 (le
1413 424 1448 445 re
1475 413 1510 445 in
1530 413 1625 457 judi-

945 456 1036 489 cium
1059 463 1201 489 vocatus
1228 468 1246 489 a
1274 457 1511 491 Demosthene
1538 467 1624 493 orat.

945 501 987 535 de
1010 502 1113 535 rebus
1133 502 1365 536 (jherrhonesi
1389 504 1553 538 defensus
1574 513 1626 539 est

945 548 989 581 88
1008 560 1059 593 sq.
1111 548 1257 592 Philippi
1276 548 1317 582 de
1336 550 1410 593 ipso
1429 551 1462 583 in
1481 551 1626 595 epistola

946 594 1096 639 quadarn
1126 596 1282 639 querelae
1305 606 1379 639 159,
1404 607 1454 630 10.
1505 609 1623 630 eorum

947 641 1115 673 nonnulla
1141 641 1260 679 suasit,
1283 653 1369 685 quae
1396 642 1625 677 Athenienses

946 686 1042 720 inviti
1076 686 1235 731 Philippo
1269 695 1515 722 concesserunt
1546 690 1624 731 248,

946 745 978 775 ().

902 778 1085 822 Diopithes
1105 779 1298 812 Melitensis
1317 780 1413 823 1361,
1436 791 1489 815 20.

901 825 1078 858 Diotimus
1110 825 1266 863 Diotimi‚
1297 825 1489 866 Icariensis‚
1520 827 1626 861 homo

947 871 1127 914 improbus
1141 876 1174 904 et
1189 871 1326 904 infamis
1343 872 1441 912 1266,
1456 885 1506 916 19.
1527 875 1625 919 1267,

948 927 1002 950 20.

902 962 1079 996 Diotimus
1110 963 1318 1006 reipublicae
1346 971 1443 997 scuta
1473 965 1626 999 donabat

948 1008 1026 1050 264,
1047 1020 1101 1050 24.
1137 1016 1215 1053 post
1241 1021 1396 1053 pugnam
1416 1011 1470 1045 ἐπὶ
1488 1014 1547 1045 τοῦ
1563 1027 1625 1045 πο-

946 1057 1052 1098 ταμοῦ
1072 1055 1150 1096 265,
1164 1066 1218 1088 20.
1256 1056 1355 1089 Forte
1373 1056 1464 1090 idem
1479 1064 1529 1091 est
1544 1070 1625 1092 cum

946 1101 1103 1144 proximo
1123 1101 1382 1146 Euonymense.

901 1146 1077 1180 Diotimus
1103 1147 1372 1192 Euonymensis,
1396 1148 1501 1183 homo
1529 1150 1625 1184 dives

945 1199 978 1226 et
1004 1193 1134 1227 Midiae
1160 1193 1338 1228 studiosus
1357 1196 1437 1238 581,
1456 1206 1507 1238 15.
1551 1198 1624 1230 lau-

947 1239 1049 1272 datur
1062 1246 1101 1273 ut
1115 1240 1223 1273 civilis
1238 1246 1269 1273 et
1284 1242 1460 1285 popularis
1480 1243 1578 1285 1482,
1591 1253 1623 1287 5.

900 1284 1064 1329 Diphilus
1083 1285 1224 1331 quidam
1243 1286 1342 1330 1364,
1363 1298 1417 1332 29.

900 1331 1061 1365 Dodona.
1114 1332 1294 1365 Dodonaei
1309 1333 1408 1367 Jovis
1427 1335 1565 1368 oracula
1583 1334 1625 1368 de

946 1377 1099 1411 secunda
1128 1378 1257 1411 Athen.
1284 1379 1424 1413 fortuna
1457 1391 1537 1424 311,
1569 1392 1623 1415 20.

950 1423 1048 1465 1466,
1069 1426 1245 1468 27.1487,
1262 1435 1290 1457 1.

901 1469 1054 1514 Dolopes
1084 1471 1119 1503 in
1148 1472 1345 1514 exemplum
1379 1480 1625 1517 proponuntur

945 1517 1066 1560 populi
1090 1517 1296 1550 miserabilis
1319 1524 1352 1551 et
1378 1520 1625 1553 contemnendi

947 1562 1025 1604 246,
1045 1574 1076 1596 2.

900 1608 1081 1649 Doriscus,
1109 1609 1277 1653 oppidum
1295 1609 1460 1644 Thraciae
1479 1623 1553 1656 133,
1571 1612 1623 1646 16.

944 1666 1023 1699 390,
1048 1666 1077 1688 2.

899 1701 1100 1734 Dorotheus
1117 1701 1317 1736 Eleusinius
1335 1704 1433 1747 1358,
1451 1713 1481 1748 7.

900 1747 1014 1780 Draco
1033 1759 1156 1781 saevus
1174 1749 1209 1781 in
1228 1749 1421 1782 statuendis
1440 1749 1623 1784 homicidi-

944 1805 1045 1826 orum
1064 1794 1184 1838 poenis
1203 1805 1282 1838 505,
1295 1806 1346 1828 12.
1363 1795 1505 1839 636,11.
1524 1797 1622 1837 1161,

946 1850 963 1866 θ

899 1867 1132 1919 Dracontides
1150 1885 1229 1926 861,
1251 1886 1304 1919 26.

899 1931 1105 1975 Drongilus,
1140 1932 1221 1965 item
1245 1943 1320 1971 100,
1349 1943 1403 1966 22.
1431 1933 1511 1975 446,
1539 1945 1570 1967 2.
1589 1947 1622 1968 v.

946 1976 1086 2011 Corsini
1106 1977 1141 2010 F.
1162 1979 1204 2011 A.
1225 1978 1252 2011 I.
1273 1978 1350 2022 256.

899 2023 1035 2063 Drosis,
1053 2024 1177 2057 ancilla
1195 2024 1347 2058 Neaerae
1363 2025 1461 2069 1386,
1480 2027 1513 2060 8.

899 2069 1068 2114 Drymus,
1086 2070 1255 2114 oppidum
1275 2071 1355 2112 446,
1375 2083 1406 2104 2.

899 2115 1004 2194 Dry6s,
1047 2116 1215 2160 oppidum
1261 2128 1367 2161 prope
1412 2117 1622 2163 Byzantium

943 2162 963 2194 6
989 2174 1022 2203 4,
1043 2173 1074 2201 2,

899 2207 1122 2251 Dysnicetus,
1140 2208 1283 2242 Archon
1302 2221 1314 2242 1
1326 2221 1401 2253 132,
1418 2221 1472 2255 25.

898 2253 1066 2294 Echinus,
1095 2254 1265 2298 oppidum
1290 2256 1488 2290 Thessaliae
1518 2257 1622 2292 finiti-

943 2311 1053 2340 mum,
1072 2312 1092 2334 a
1107 2301 1284 2335 Thebanis
1305 2302 1497 2343 conditum,
1517 2303 1622 2337 Echi-

943 2357 988 2379 no
1018 2346 1118 2387 duce,
1145 2359 1162 2380 e
1193 2347 1327 2391 Spartis
1360 2349 1521 2388 oriundo,
1552 2362 1622 2395 quo

944 2391 1126 2437 Philippus
1152 2393 1338 2428 Thebanos
1364 2396 1525 2429 multavit
1545 2407 1621 2436 120,

897 2483 1280 2528 Ecphantus,Thasius,
1292 2485 1432 2529 adjutus
1444 2498 1463 2519 a
1473 2487 1621 2521 factione

942 2541 1006 2563 sua
1030 2530 1188 2564 Thasum
1217 2542 1236 2563 a
1266 2531 1619 2567 Lacedaemoniorum

942 2575 1113 2619 praesidio
1129 2576 1309 2609 liberatam
1336 2578 1496 2620 potestati
1520 2580 1620 2612 resti-

943 2622 1007 2654 tuit
1026 2621 1306 2661 Atheniensium,
1326 2634 1434 2667 eoque
1452 2624 1564 2658 effecit
1581 2632 1621 2658 ut

941 2667 978 2700 hi
994 2667 1142 2700 Thracia
1158 2668 1353 2711 potirentur
1368 2679 1447 2712 474,
1467 2669 1522 2703 26.

896 2712 1072 2751 Eetionea,
1097 2712 1302 2751 Ἠετιώνεια,
1329 2715 1475 2747 alterum
1509 2727 1620 2749 cornu

944 2758 1083 2797 Piraeei,
1110 2769 1193 2802 agro
1223 2759 1339 2792 Attico
1365 2760 1464 2793 valde
1490 2761 1619 2805 impor-

942 2810 1039 2843 tuna,
1075 2815 1144 2848 quo
1176 2811 1354 2848 receptum
1390 2806 1461 2839 ibat
1495 2806 1620 2840 Critias

942 2849 1234 2883 Lacedaemonios
1251 2863 1257 2883 :
1297 2858 1507 2896 quapropter
1540 2853 1618 2886 Ari-

942 2901 1118 2935 stocrates,
1135 2895 1277 2929 Scelliae
1291 2897 1394 2937 filius,
1410 2909 1485 2931 eam
1499 2899 1620 2932 evertit

946 2952 1044 2985 1343>
1063 2942 1095 2975 8-
