1956 3236
535 149 859 189 AnVERsits
895 149 1194 189 APHossUM
1238 150 1266 188 l.
1552 151 1660 193 1069

143 269 303 295 summa
338 267 382 308 13
416 254 670 294 talentorum
706 261 747 295 ct
783 256 836 308 56
874 255 1092 295 minarum.
1135 255 1329 294 REISK.
1397 254 1526 294 Recte
1560 255 1661 296 haec

142 311 400 364 computavit
433 310 649 350 Reislzius:
688 325 738 350 ex
771 326 852 364 quo
886 312 1073 365 sequitui·
1105 313 1238 363 χιλίας
1271 312 1312 350 in
1346 313 1661 364 τετρακισχιλίας

141 367 389 407 mutandum
423 367 561 415 fuisso,
600 368 710 420 quod
751 382 829 420 ego
865 368 938 407 feei
977 368 1155 421 fecitque
1189 367 1439 415 Voemelius,
1475 368 1590 420 eujus
1624 384 1658 408 v.

143 423 249 463 Tab.
276 423 381 462 Vll.

431 479 443 493 ,
640 479 651 492 x
914 480 921 487 .
1358 480 1366 487 .
1584 480 1591 487 .

201 480 294 530 824,
321 490 385 533 25.
405 480 701 531 την-τροφην]
742 479 849 519 Sunt
870 480 1069 519 alimenta
1093 480 1367 519 I)01nostl1‹·n1
1390 484 1433 519 et
1461 494 1592 519 sorel-1
1617 486 1659 520 et

141 536 266 575 matri
287 535 490 588 praebita.
528 535 719 575 RlfilsK.
784 536 835 575 V.
860 535 1061 575 Voemelii
1087 536 1189 575 Tul).
1211 536 1246 573 V
1262 536 1270 574 l
1286 536 1312 574 l.

199 593 293 640 824,
312 603 376 642 27.
400 594 454 633 εἰς
475 590 610 644 ταῦτα]
645 594 697 633 εἰς
718 593 828 639 τίυα;
864 592 933 641 τὴν
954 592 1104 642 τροφὴν
1125 596 1200 631 τῶν
1222 593 1491 642 ἀι’δραπόόων;
1527 591 1661 645 Atqui

140 647 300 687 reditus
321 647 401 687 fuit
422 652 588 687 tantum
613 661 630 698 7
653 647 871 687 minarum.
903 648 1092 687 WoLF.
1152 649 1239 687 lloc
1259 648 1385 696 titulo,
1403 648 1470 688 hoc
1492 648 1657 688 nomine.

142 702 337 743 REISK.

200 760 294 813 825,
320 772 355 799 2.
378 758 519 812 τούτῳ]
555 759 721 799 Scilicet
746 762 796 813 τῷ
825 761 1004 813 ἀργυρίῳ.
1053 759 1122 799 hoc
1152 774 1252 808 aere,
1285 760 1359 800 hac
1388 774 1539 800 szmwza
1562 760 1661 813 plns

141 814 294 868 ἶανφόν
315 815 409 864 illis,
433 829 550 868 (lucem
574 816 654 869 ‘ipsi
676 816 718 855 in
740 816 911 855 rationes
937 815 1167 864 intulerunt,
1201 820 1361 869 septem
1392 816 1513 855 minis
1543 822 1659 869 puta.

140 870 334 911 REISK.
396 872 541 911 τούτων
564 872 606 911 S.
670 872 763 911 Non
785 872 987 926 displicet.
1031 872 1147 912 Conf.
1170 887 1209 926 p.
1230 874 1324 922 824,
1345 886 1407 912 10.
1446 872 1659 912 SCHAE-

143 926 274 967 FER.
336 927 490 981 Recepi
512 929 670 967 τούτων.

199 984 293 1038 825,
320 996 384 1024 22.
408 984 450 1023 τὸ
473 983 620 1037 δεινὸν]
640 984 816 1028 vTuetur
846 984 910 1024 hic
942 984 1056 1023 loeus
1078 985 1189 1038 quod
1214 984 1513 1025 Marklandum
1535 985 1659 1025 offen-

141 1039 261 1079 derat
282 1055 321 1094 p.
343 1053 439 1091 471,
462 1054 522 1079 ΙΙ.
545 1040 636 1080 αὐτὸ
659 1040 704 1089 δὴ
725 1043 836 1080 τοῦτο
858 1041 918 1080 καὶ
944 1040 995 1079 τὸ
1024 1043 1181 1080 δεινόν
1205 1043 1324 1081 ἐστιν.
1368 1041 1618 1081 SCHAEF.

205 1097 299 1150 825,
334 1098 399 1136 26.
437 1098 522 1147 τρία
558 1095 732 1136 τάλαντα
768 1097 828 1136 καὶ
865 1098 1014 1149 χιλίας]
1072 1097 1214 1137 Usura
1254 1098 1356 1137 haec
1396 1102 1461 1137 est
1503 1098 1659 1151 sesqui-

141 1151 403 1192 drachmalis.
466 1152 547 1192 Sed
569 1152 630 1192 vel
652 1152 709 1191 sie
732 1167 896 1205 quoque
927 1167 1008 1192 non
1040 1153 1142 1193 satis
1173 1158 1339 1193 constat
1366 1154 1486 1194 ratio.
1549 1154 1658 1194 Nam

144 1209 223 1248 108
246 1208 382 1248 minae
404 1208 562 1248 faciunt
577 1209 631 1248 ad
649 1223 817 1249 usuram
839 1223 1093 1249 novenorum
1109 1210 1325 1249 obolorum
1344 1211 1419 1250 162
1437 1210 1658 1250 drachmas

140 1278 216 1318 per
246 1279 430 1304 mensem
463 1269 505 1304 et
542 1278 647 1317 1944
680 1280 754 1318 per
789 1279 956 1314 annum,
989 1280 1088 1319 ergo
1123 1280 1197 1319 per
1229 1266 1473 1306 decennium
1512 1279 1657 1320 19440,

141 1320 219 1361 hoc
255 1326 320 1361 est
355 1321 518 1361 talenta,
548 1321 641 1369 tria,
672 1334 721 1370 14
751 1321 885 1361 minas
922 1326 964 1361 et
995 1335 1051 1372 40
1082 1322 1313 1370 drachmas,
1347 1336 1445 1376 ergo
1477 1327 1660 1376 quatuor

140 1376 274 1417 minas
306 1392 398 1417 cum
422 1391 479 1429 40
504 1377 713 1417 drachmis
744 1377 834 1430 plus
867 1392 991 1431 quam
1025 1378 1329 1418 Demosthenes
1362 1378 1512 1431 posuit.
1576 1380 1659 1419 Sed

141 1433 306 1474 videtur
337 1438 481 1474 orator
511 1448 808 1488 saepenumero
839 1448 1081 1474 excessuum
1113 1439 1155 1474 et
1187 1434 1422 1474 defectuum
1454 1449 1537 1474 non
1569 1435 1657 1474 dili-

140 1489 428 1543 gentissimam
450 1490 644 1530 habuisse
665 1490 886 1538 rationem,
911 1490 982 1530 sed
1012 1505 1194 1531 summas
1224 1491 1427 1531 rotundas
1459 1491 1657 1544 posuisse.

142 1545 341 1586 REISK.
405 1546 522 1586 Idem
555 1561 749 1586 numerus
783 1561 908 1599 supra
944 1562 983 1600 p.
1017 1547 1110 1597 824,
1144 1563 1182 1599 9.
1240 1547 1350 1587 Vide
1384 1562 1489 1601 quae
1523 1548 1572 1588 de
1610 1562 1657 1588 eo

143 1601 384 1642 Voemelius
406 1617 563 1656 egoque
585 1617 711 1656 supra
733 1602 911 1642 diximus
934 1603 1036 1643 Tab.
1054 1603 1158 1642 VII.
1181 1604 1256 1643 sub
1280 1603 1401 1643 litera
1423 1603 1456 1643 b.

201 1659 295 1708 826,
312 1661 348 1699 6.
374 1655 946 1714 κλἐπτουσι-κακουργοῦσιυ]
981 1659 1138 1699 κλέπτει
1159 1660 1307 1713 aliquis
1331 1674 1436 1712 quae
1462 1660 1550 1714 ipse
1581 1660 1658 1700 sibi

143 1719 304 1755 servat:
341 1719 547 1766 κακουργεῖ
570 1729 676 1768 quae
707 1714 806 1755 sinit
836 1715 961 1755 alium
992 1715 1135 1755 furari.
1172 1715 1368 1756 REISK.
1432 1721 1659 1768 κακουργεῖν

143 1770 310 1810 omnino
333 1776 395 1811 est
419 1772 537 1811 κακὸν
558 1772 754 1822 πράττειν.
799 1772 1057 1811 SCHAEF.

207 1828 301 1876 826,
330 1841 391 1867 11.
422 1828 685 1880 μισθώσουσι]
739 1828 859 1878 Quod
892 1828 933 1866 in
966 1828 1082 1867 libris
1114 1832 1178 1868 est
1211 1830 1462 1878 μισθώσοιτο,
1492 1828 1532 1868 in
1565 1829 1657 1869 eod.

143 1883 255 1938 Aug.
274 1884 420 1936 quinto
442 1884 554 1937 apud
576 1883 791 1923 Reiskium
815 1885 1078 1933 μισθώσοιυτο
1111 1884 1322 1937 scriptum,
1346 1885 1379 1924 si
1401 1889 1514 1925 recte
1535 1885 1659 1925 habe-

142 1943 220 1987 ret,
255 1939 418 1992 passivo
454 1954 576 1979 sensu
612 1939 899 1993 accipiendum
935 1942 1055 1987 foret.
1088 1942 1190 1982 ὅπως
1221 1942 1240 1979 ὁ
1273 1941 1376 1982 οἶκος
1405 1943 1656 1990 μισθώσοιτο,

144 1996 493 2048 quemadmodum
532 1999 773 2045 μισθωθῆναι
809 1996 878 2035 τὸυ
913 1996 1020 2035 οἶκοι)
1056 1996 1163 2036 dixit
1199 2011 1238 2050 p.
1273 1998 1366 2049 836,
1394 2010 1426 2036 1.
1499 1997 1659 2036 Verum

142 2051 274 2091 multo
295 2051 551 2105 probabilius
573 2056 637 2091 est
657 2052 766 2105 quod
791 2057 1018 2105 praeeunte
1040 2052 1208 2092 Reiskio
1229 2052 1394 2093 restitui
1414 2055 1660 2102 μισθώσουσι

143 2107 305 2147 duobus
343 2107 433 2148 aliis
473 2108 574 2147 locis
609 2109 956 2156 commendatum,
990 2123 1093 2162 quos
1129 2109 1170 2148 in
1206 2109 1478 2149 annotatione
1515 2109 1659 2150 critica

142 2177 380 2204 memoravl.

203 2221 296 2268 826,
323 2233 387 2261 20.
410 2221 720 2273 MAPT'Y'PIAI]
761 2221 914 2260 Verius
935 2225 999 2260 est
1023 2224 1307 2260 MAPTTPIA.
1351 2221 1605 2262 SOHAEF.

203 2276 300 2324 826,
323 2288 388 2315 21.
411 2276 555 2330 Οὗτος]
590 2276 864 2330 Therippides
884 2281 1001 2330 puta.
1049 2277 1244 2317 REISK.

203 2332 299 2380 826,
318 2344 380 2385 23.
407 2333 668 2385 Θηριππίδης]
700 2333 861 2372 Vellem
883 2333 944 2372 vel
967 2347 1072 2372 unus
1095 2334 1225 2373 codex
1247 2333 1367 2373 daret
1390 2334 1514 2376 αὐτός.
1558 2334 1660 2373 Vul-

143 2391 289 2441 gatam
306 2387 474 2441 quidem
496 2403 578 2428 non
595 2388 742 2428 dubito
764 2403 852 2428 esse
874 2388 1206 2442 interpretantis.
1241 2389 1491 2430 SCHAEF.
1536 2390 1659 2430 Delet

146 2443 397 2484 Voemelius.

204 2500 300 2552 827,
325 2512 361 2540 2.
385 2498 529 2553 Οὗτος]
566 2500 770 2554 Aphobus
790 2505 905 2554 puta.
950 2500 1146 2540 REISK.

203 2556 297 2606 827,
321 2557 357 2595 6.
382 2559 578 2607 γραφῆναι
599 2557 671 2606 μέν
693 2559 807 2608 φησι]
844 2556 1010 2610 Scripta
1033 2556 1199 2610 quidem
1228 2556 1297 2597 illa
1324 2557 1366 2596 in
1391 2557 1546 2597 tabulis
1572 2572 1660 2597 esse

145 2611 304 2651 fatetur
328 2612 546 2665 Aphobus.
574 2626 616 2651 se
643 2617 785 2652 autem
813 2618 939 2666 negat
971 2612 1047 2652 illis
1079 2627 1293 2652 assensum
1324 2628 1428 2661 esse,
1456 2614 1495 2652 h.
1521 2629 1554 2653 e.
1578 2627 1660 2652 non

144 2667 348 2720 recepisse
368 2667 672 2708 haereditatem
692 2668 906 2708 aditurum
933 2668 1011 2708 illis
1037 2668 1202 2722 scriptis
1225 2669 1543 2709 conditionibus.
1601 2669 1656 2707 V.

145 2737 184 2775 p.
209 2723 303 2774 840,
328 2736 364 2763 2.
408 2723 603 2763 REISK.

205 2778 298 2830 827,
323 2779 360 2818 8.
390 2781 571 2830 μισθοῦυ]
606 2780 650 2819 τὸ
680 2783 857 2830 μισθοῦν,
889 2780 931 2819 id
963 2785 1027 2820 est
1057 2781 1127 2830 τὴν
1148 2780 1362 2831 πρόσταξιυ
1384 2783 1451 2818 τοῦ
1480 2782 1658 2829 μισθοῦν.

146 2840 300 2874 recusat
323 2834 526 2875 declarare
553 2840 627 2875 aut
655 2836 698 2875 iu
724 2836 843 2876 lucem
865 2837 1053 2889 proferre
1082 2836 1273 2889 scriptum
1306 2836 1347 2875 iu
1376 2834 1521 2875 tabulis
1548 2841 1659 2875 testa-

146 2889 266 2930 menti
285 2891 519 2931 mandatum
541 2891 586 2931 de
606 2892 717 2931 domo
737 2892 935 2932 elocancla.
980 2891 1171 2931 REISK.
