1935 3200
281 133 393 173 1412
749 131 972 171 ORATIO
1005 131 1314 172 FUNEBRIS.

280 243 385 279 tuna
412 237 547 278 utitur
570 236 777 276 Isocrates
806 236 846 276 in
874 236 1040 276 Nicocle
1065 236 1116 276 de
1143 234 1386 275 monarchia
1405 234 1434 273 J
1438 235 1524 275 ovis
1555 239 1598 275 et
1626 235 1667 274 in
1695 250 1786 276 ora-

281 294 394 335 tione
425 298 572 333 contra
599 292 809 345 sophistas
842 293 892 332 de
923 293 1096 332 deorum
1125 291 1237 344 apud
1260 291 1493 331 Homerum
1524 291 1785 331 deliberatio-

281 350 415 390 nibus.
450 348 641 388 WOLF.
702 348 901 388 Caussam
937 348 1039 388 haec
1070 348 1252 387 reddunt
1282 351 1349 386 τοῦ
1382 348 1548 388 εἰκότως.
1609 348 1692 387 Sed
1723 361 1785 386 so-

281 405 423 459 phista
457 404 522 443 hic
558 418 704 458 parum
740 408 839 458 apte
878 403 967 458 agit
1002 417 1223 456 personam
1259 401 1440 456 sceptici.
1503 402 1659 442 Orator
1693 407 1786 442 toto

281 475 406 501 orans
435 464 602 514 pectore
633 460 820 499 dicturus
848 464 939 499 erat
961 460 1025 501 οὓς
1046 460 1258 510 παρέδρους
1287 460 1431 509 ὀρθῶς
1460 459 1508 497 ἄν
1528 475 1585 499 τις
1606 458 1788 508 φήσαι-

281 531 414 570 neque
434 516 653 556 additurus
675 516 785 569 quod
807 515 996 568 sequitur
1017 514 1342 567 philosophema.
1385 513 1634 553 SOHAEF.

343 586 462 624 1400,
485 585 524 624 5.
545 570 718 624 τούτους]
753 572 959 611 Cohaeret
989 585 1082 610 cum
1112 570 1334 622 τυγχάνειν.
1375 569 1440 608 hos
1469 570 1649 622 opinione
1672 575 1789 623 atque

272 628 576 682 praedicatione
596 633 728 666 nostra
749 627 973 666 divinantes
997 626 1056 678 (h.
1079 640 1112 665 e.
1134 640 1215 665 non
1237 629 1351 665 certo
1373 625 1540 678 cognita
1566 630 1693 679 atque
1720 640 1789 665 ex-

282 684 447 738 plorata
477 683 748 729 affirmantes,
777 683 849 722 sed
880 683 1165 735 conjectantes
1196 681 1472 731 solummodo)
1496 696 1687 721 censemus
1716 695 1790 721 eos-

282 739 371 779 dem
404 739 577 792 adipisci
610 739 770 778 honores
804 739 924 778 etiam
958 737 1026 784 ibi,
1064 737 1105 776 in
1145 738 1364 777 beatorum
1406 736 1562 785 insulis,
1597 751 1698 791 quos
1733 737 1789 776 illi

283 795 436 835 vetusti
472 796 617 834 heroes
648 794 844 834 dicuntur
877 801 919 834 et
949 793 1244 833 existimantur
1273 792 1416 846 adepti
1449 807 1551 832 esse.
1601 810 1789 843 καταμαν-

283 853 468 891 τεύεσθαί
485 867 586 892 τινος
608 855 671 890 est
693 850 855 904 aliquid
873 850 919 889 de
938 850 1072 903 aliquo
1094 849 1350 900 praedicare,
1372 862 1448 888 ozon
1469 863 1515 888 em
1536 855 1643 888 certa
1669 849 1790 889 scien-

283 907 354 955 tia,
377 907 446 947 sed
464 921 509 946 esc
529 906 708 958 opinione
730 921 749 945 e
761 905 965 959 probabili
985 905 1204 957 conjectura
1220 905 1351 944 ducta.
1385 904 1583 944 REISK.
1630 905 1684 944 V.
1703 909 1790 944 not.

284 962 338 1003 ad
361 962 493 1016 Longi
517 961 722 1002 Pastoral.
745 977 783 1015 p.
806 972 904 1014 379.
944 962 1203 1001 SCHAEF.

345 1031 465 1070 1400,
486 1030 547 1058 12.
578 1018 638 1057 καὶ
665 1017 984 1072 πάσῃ-ὁμοίους
1016 1016 1133 1070 εἶναι]
1171 1017 1402 1069 Omnemque
1426 1016 1639 1068 fortunam
1672 1031 1792 1069 aequo

284 1075 418 1114 animo
428 1075 557 1126 ferre.
602 1074 665 1112 SC
675 1075 715 1111 H
724 1076 763 1112 A
770 1075 806 1112 E
815 1074 860 1113 F.

348 1143 465 1181 1400,
483 1141 548 1169 22.
567 1131 713 1179 φύντας
735 1129 973 1180 ἀνθρώπους]
1005 1128 1081 1177 Qui
1102 1128 1189 1166 nati
1208 1134 1298 1166 sunt
1318 1127 1498 1166 homines.
1534 1128 1790 1166 SCHAEF.

348 1197 467 1237 1400,
494 1187 557 1224 26.
586 1186 693 1234 ὑμεῖς
719 1184 949 1236 δὲ-ἄπιτε]
990 1183 1141 1222 Similis
1172 1183 1355 1222 clausula
1384 1182 1599 1236 Epitaphii
1629 1188 1671 1222 et
1702 1182 1794 1222 Pla—

285 1241 413 1281 tonici
451 1245 493 1281 et
530 1239 796 1294 Thucydidei.
847 1238 1227 1279 VWVestermanni
1262 1238 1561 1293 prolegomena
1597 1253 1722 1292 supra
1752 1253 1793 1291 p.

292 1311 412 1348 1404.
