1925 3215
749 827 937 871 XLIX.

326 979 752 1031 ADVERSUS
805 977 1368 1029 TIMOTHEUM.

148 1316 398 1355 Frfflmme
431 1316 537 1356 duae
572 1316 917 1356 Demosthenicae
952 1316 993 1354 in
1027 1315 1319 1355 Timotheum?
1351 1315 1492 1356 Fuisse
1534 1331 1600 1357 ne-

90 1386 203 1411 cesse
224 1377 300 1419 est7
324 1371 356 1410 si
383 1372 487 1412 bene
509 1372 637 1412 habet
658 1373 770 1412 locus
793 1371 1004 1412 Athenaei
1026 1386 1064 1424 p.
1086 1371 1169 1422 486
1189 1370 1247 1419 0.,
1272 1371 1354 1418 ubi.
1377 1377 1601 1426 postquam

89 1433 453 1468 commemorasset
493 1428 725 1468 orationem
765 1428 860 1478 πρὸς
899 1429 1093 1476 Τιμόθεον
1138 1428 1300 1477 ὕβρεως,
1342 1428 1464 1481 paulo
1506 1434 1602 1481 post

90 1483 200 1523 velut
230 1483 353 1524 aliam
385 1483 531 1524 laudat
562 1484 802 1538 simpliciter
829 1483 924 1534 πρὸς
943 1485 1137 1533 Τιμόθεον
1161 1483 1385 1535 appellans,
1409 1498 1515 1537 quae
1536 1489 1601 1524 est

88 1539 213 1579 hodie
233 1544 455 1592 superstes.
521 1540 628 1592 [Imo
650 1555 732 1580 una
754 1545 919 1580 tantum
940 1539 1019 1579 fuit
1041 1544 1186 1592 estque
1211 1539 1310 1578 illud
1331 1541 1480 1590 ὕβρεως
1501 1540 1600 1579 nihil

88 1594 202 1634 aliud
237 1610 361 1648 quam
396 1610 517 1636 verae
550 1596 782 1649 scripturae
816 1597 912 1645 ὑπὲρ
945 1593 1070 1646 χρέως
1104 1594 1352 1647 corruptela.
1397 1596 1450 1634 G.
1475 1595 1601 1635 DIN-

89 1650 276 1702 DORF.]
344 1651 449 1691 Item
483 1652 524 1691 in
558 1652 747 1692 oratione
786 1665 861 1704 pro
898 1650 1062 1691 Corona
1100 1649 1163 1689 ait
1202 1649 1426 1690 dictionem
1459 1651 1601 1702 φιάλαι

88 1710 338 1758 Λυκιουργεῖς
368 1707 446 1761 legi
465 1724 472 1747 :
506 1708 615 1761 quod
637 1722 756 1747 secus
778 1712 854 1747 est.
917 1705 1069 1745 Procul
1090 1705 1217 1745 dubio
1239 1707 1505 1747 conturbavit
1533 1707 1599 1747 hic

88 1762 333 1803 Athenaeus
361 1778 386 1802 a
407 1763 606 1804 memoria
633 1761 1091 1816 deceptuS.—Titulu111
1116 1761 1238 1815 hujus
1266 1761 1469 1802 orationis
1491 1763 1601 1803 Har-

87 1817 304 1870 pocration
335 1833 372 1858 v.
397 1821 670 1871 Κακοτεχυιῶυ
691 1819 751 1859 ita
773 1818 924 1858 refert:
959 1819 1000 1856 ἐν
1030 1818 1081 1870 τῷ
1114 1820 1210 1857 κατὰ
1229 1818 1421 1867 Τιμοθέου
1451 1820 1599 1860 τίσεως.

88 1873 214 1913 Forte
248 1874 377 1914 voluit
402 1875 497 1925 ὑπὲρ
529 1875 653 1926 χρέως
684 1876 746 1926 (111
773 1878 839 1914 est
867 1873 909 1912 in
935 1874 1202 1925 Augustano)
1236 1887 1312 1926 pro
1342 1873 1493 1924 χρέους,
1525 1879 1601 1914 aut

87 1929 226 1982 potius
257 1930 512 1979 ἀπαιτήσεως,
545 1945 650 1983 quae
683 1935 775 1969 erat
806 1927 1034 1982 postulatio
1064 1927 1172 1968 aeris
1207 1933 1353 1967 mutuo
1386 1928 1475 1968 dati
1512 1929 1600 1969 sine

87 1985 324 2039 syngrapha
350 1989 424 2025 aut
455 1990 579 2038 pacto
610 1985 740 2025 literis
771 1984 1028 2038 consignat-o,
1051 1988 1125 2023 aut
1147 1985 1372 2031 ἀποτίσεως,
1395 1984 1442 2024 de
1459 1990 1598 2038 postu·

87 2040 172 2080 lata
199 2040 321 2080 debita·
346 2041 520 2089 lamone,
542 2045 618 2081 aut
639 2040 826 2090 αἰτήσεως
856 2039 1109 2093 simpliciter,
1132 2053 1248 2093 super
1277 2039 1417 2092 aliqua
1444 2054 1487 2080 re
1516 2055 1599 2080 mu-

87 2101 197 2135 tuum
219 2103 368 2151 rogata.
431 2096 539 2136 Nam
561 2098 709 2147 αἴτησις
729 2101 792 2136 est
814 2110 872 2135 res
892 2101 1022 2134 mutuo
1043 2101 1183 2149 νορατα
1203 2101 1237 2135 et
1257 2101 1428 2148 accepta.
1480 2096 1533 2136 V.
1557 2111 1597 2149 p.

94 2164 283 2206 1191,1.,
316 2152 386 2191 ubi
422 2152 669 2201 αἰτήσασθαι,
701 2158 833 2191 mutuo
866 2164 1016 2191 sumere
1045 2151 1150 2204 quod
1182 2164 1313 2204 vpsum
1345 2150 1489 2191 reddas
1514 2152 1599 2192 sine

75 2207 250 2258 soemnme
288 2207 513 2261 opponitur
548 2211 598 2261 τῷ
635 2209 905 2252 δαυεισασθαι,
932 2207 1152 2259 pecuniam
1173 2205 1399 2259 foenebrem
1435 2220 1598 2247 sumere.

89 2262 206 2314 (Alio
237 2263 327 2303 loco
353 2262 586 2303 Reiskius'
570 2266 763 2308 εκτίσεως,
787 2261 1010 2302 subaudito
1032 2263 1114 2312 δικη
1134 2262 1263 2314 ὑπέρ.)
1315 2261 1451 2302 Addit
1473 2263 1598 2302 Lexi-

86 2319 345 2371 cographus:
380 2321 413 2358 εἰ
435 2319 606 2370 γνήσιος.
668 2318 834 2358 Nullam
858 2317 977 2357 video
1004 2331 1193 2357 caussam
1223 2332 1297 2357 0111·
1322 2317 1596 2358 Demostheni

85 2373 349 2426 abjudicetur
376 2374 477 2414 haec
505 2374 652 2421 oratio,
675 2374 752 2414 nisi
769 2373 955 2413 volumus
980 2373 1017 2412 ei
1039 2387 1181 2412 omnes
1210 2372 1302 2413 illas
1324 2372 1484 2428 eripere
1505 2388 1597 2413 ora-

86 2428 231 2476 tiones,
255 2444 357 2483 quas
378 2444 548 2469 numero
569 2430 723 2470 multas
745 2443 820 2483 pro
835 2428 1093 2491 Apollodoro
1116 2428 1308 2468 Pasionis
1329 2429 1530 2475 exaravit,
1553 2429 1596 2468 in

87 2498 261 2536 quarum
292 2485 394 2525 haec
431 2499 602 2525 numero
635 2492 677 2525 et
710 2484 828 2525 facile
859 2484 1052 2537 princeps
1083 2489 1159 2524 est.
1191 2483 1384 2523 REISK.
1445 2484 1598 2536 Spuria

85 2539 248 2579 videtur
278 2540 489 2581 Boeckhio
518 2541 569 2580 de
595 2541 747 2580 Oecon.
772 2539 930 2580 Athen.
952 2540 1028 2579 v.ol
1057 2553 1090 2579 1.
1121 2554 1160 2592 p.
1186 2541 1281 2590 246.
1313 2544 1356 2578 et
1385 2551 1482 2591 317.
1544 2539 1595 2578 Ι11

86 2595 235 2647 spuriis
266 2601 458 2636 numerat
489 2596 614 2636 etiam
643 2596 821 2635 Bekker.
885 2594 1030 2648 Neque
1052 2608 1128 2657 ego
1149 2609 1225 2647 pro
1245 2593 1426 2647 genuina
1446 2594 1593 2634 habeo,

85 2650 200 2690 Conf.
231 2651 285 2691 ad
315 2666 355 2704 p
375 2653 492 2702 1187,
514 2664 553 2704 3.
606 2652 671 2690 Αο
698 2651 776 2690 nisi
800 2664 892 2690 mea
919 2664 984 2690 me
1008 2650 1146 2703 opinio
1178 2649 1299 2696 fallit,
1331 2663 1400 2701 qul
1427 2648 1595 2702 scripsit

85 2719 313 2758 anonymus
352 2706 583 2747 orationem
619 2712 768 2746 contra
801 2705 1012 2759 Euergum
1048 2711 1088 2745 et
1127 2703 1425 2751 Mnesibulum,
1459 2703 1593 2743 eidem

86 2760 282 2800 debemus
302 2762 409 2801 hanc
430 2767 579 2802 contla
601 2761 867 2802 Timotheum
888 2760 1133 2800 orationem.
1187 2758 1238 2797 V.
1261 2759 1317 2798 ad
1344 2773 1384 2811 p.
1407 2771 1529 2811 1191,
1549 2772 1592 2812 3.

93 2828 209 2868 1103,
244 2829 305 2855 10.
347 2818 604 2856 SCHAEF.
665 2817 857 2857 Genuina
889 2816 1054 2855 videtur
1094 2813 1288 2853 Clintono
1328 2814 1443 2853 F..ast
1479 2813 1600 2857 Hell⁸

87 2870 163 2909 vol.
188 2884 223 2912 2.
255 2885 295 2922 p
319 2872 414 2923 358.
449 2885 569 2924 quem
604 2871 818 2912 Plutarchi
850 2870 1111 2924 potissimum
1143 2868 1431 2908 testimonium
1461 2871 1592 2910 movit

90 2924 142 2964 V.
168 2925 440 2965 Demosthe.
467 2938 527 2977 15.
558 2926 724 2976 Λεγεται
753 2929 793 2966 δὲ
825 2927 886 2965 καὶ
914 2926 982 2965 τὸν
1012 2926 1107 2964 κατὰ
1131 2923 1323 2973 Τιμοθέου
1344 2928 1410 2964 τοῦ
1433 2941 1593 2976 στρατη-
