1935 3200
271 111 379 154 1376
818 112 879 150 IN
912 111 1225 150 NEAERAM.

328 218 447 270 1362,
474 229 532 269 13.
559 216 732 268 ἐξουσίᾳ]
759 215 950 255 Licentia.
985 215 1242 254 SCHAEF.

333 273 448 325 1362,
470 285 532 313 20.
557 271 689 322 αὐτὴν]
721 271 891 310 Mallem
913 270 1123 310 omissum.
1158 271 1415 309 SCHAEF.

328 328 450 380 1362,
471 336 533 379 25.
566 328 618 367 εἰς
637 326 830 378 Ὠιδεῖον]
861 326 924 365 De
945 326 1026 365 ista
1047 325 1160 365 curia
1183 324 1331 365 Suidas
1352 325 1394 363 in
1413 325 1599 371 Ὠιδεῖον,
1625 325 1773 364 Pollux

270 383 305 427 8.
328 395 395 434 33.
427 381 647 434 Aristoph.
676 381 803 434 Vesp.
833 394 950 432 1104.
981 381 1191 420 Meursius
1224 381 1383 421 Geram.
1419 380 1600 420 Germin.
1635 381 1680 420 O.
1710 394 1771 420 11.

268 442 311 477 et
339 437 472 476 Attio.
498 437 613 476 Lect.
635 450 673 486 4,
699 438 763 476 28.
799 442 840 477 et
862 438 1071 491 Areopag.
1095 451 1128 476 c.
1161 441 1333 476 extrem.
1366 450 1507 475 versus
1536 436 1672 484 finem,
1696 436 1772 476 Oa-

268 493 477 532 saubonus
498 493 552 532 ad
570 492 847 546 Theophrast.
870 508 909 546 p.
924 506 991 546 33.
1009 493 1108 532 61111.
1129 492 1248 532 Cant.
1268 492 1316 531 P.
1334 491 1577 545 Leopardus
1594 491 1769 530 Emend.

273 561 334 595 11,
363 558 425 600 17.
462 547 720 587 TAYLOR.

326 603 440 657 κατὰ]
466 603 604 657 Vulgo
625 607 688 653 τῆς
721 602 877 654 προικὸς
905 606 1070 643 κατὰ-.
1114 606 1178 652 τῆς
1207 603 1364 652 προικὸς
1392 601 1521 641 delevi
1549 616 1601 640 ex
1635 606 1774 641 mente

269 659 471 699 Salmasii.
527 659 705 698 Praeter
734 663 926 699 auctores
951 659 1004 698 ad
1032 659 1071 698 h.
1101 658 1125 697 l.
1155 658 1306 698 citatos
1338 673 1364 698 a
1397 657 1577 710 Tayloro
1608 672 1643 696 v.
1672 657 1774 697 Leo-

267 715 422 768 pardus
459 715 680 754 Emendat.
722 728 781 759 11,
814 725 876 765 17.
921 714 997 754 vol.
1024 727 1064 766 3.
1133 713 1357 767 Lampadis
1390 713 1570 754 Criticae
1604 712 1773 752 Gruteri

267 785 306 823 p.
333 782 424 823 227.
449 770 641 810 REISK.
703 770 983 810 Retinendum
1005 770 1168 809 videtur
1198 773 1264 818 τῆς
1294 769 1460 818 προικὸς,
1489 769 1562 808 sed
1592 768 1774 808 inseren—

268 826 366 864 dum
398 827 434 876 ἤ.
474 827 669 878 λαχόντος
703 828 743 865 δὲ
772 829 838 865 τοῦ
870 825 1072 877 Στεφάνου
1107 825 1206 877 αὐτῷ
1236 825 1343 873 δίκην
1379 826 1487 863 σίτου
1523 826 1574 865 εἷς
1600 823 1774 864 Ὠιδεῖον

266 880 289 930 ἢ
320 884 386 931 τῆς
415 882 571 931 προικὸς
605 884 699 921 κατὰ
732 882 798 921 τὸν
828 883 948 930 νόμον
980 898 1011 920 κ.
1035 898 1067 919 τ.
1089 886 1126 920 λ.
1167 881 1426 920 SEAGER.
1457 879 1574 919 Diar.
1605 879 1773 919 Classic.

269 938 335 976 61.
366 952 405 990 p.
434 938 501 989 67.
539 936 647 977 Cave
677 936 931 977 assentiaris.
995 936 1104 976 Nam
1139 936 1172 974 si
1209 935 1488 989 Apollodorus
1523 934 1630 974 dixit
1666 936 1773 984 δίκην

269 991 458 1041 σίτου-ἢ
481 995 545 1041 τῆς
564 992 732 1043 προικὸς,
756 992 964 1032 dubitavit
985 996 1082 1031 utra
1103 996 1212 1031 esset
1233 991 1342 1031 actio
1364 1006 1389 1030 a
1413 991 1625 1043 Stephano
1657 990 1774 1030 insti-

267 1052 378 1088 tuta.
441 1048 523 1088 Sed
553 1062 619 1087 res
650 1048 789 1101 palam
819 1048 931 1087 facta
964 1052 1078 1087 erat:
1110 1052 1158 1087 ut
1190 1047 1372 1086 omnium
1404 1046 1571 1085 minime
1605 1046 1774 1099 Apollo-

268 1103 383 1151 doro⁷
408 1118 528 1155 quem
549 1105 772 1156 oportebat
794 1103 835 1142 in
856 1117 947 1143 eam
968 1103 1187 1155 inquirere,
1206 1102 1332 1142 dubia
1353 1116 1442 1141 esse
1458 1108 1612 1155 posset.
1649 1101 1772 1140 Adde

269 1159 380 1212 quod
412 1159 649 1211 Stephanus
676 1160 745 1208 τὴν
767 1161 872 1207 δίκην
899 1162 978 1197 τοῦ
1004 1160 1133 1198 σίτου
1162 1158 1374 1197 ἀνελέσθαι
1403 1156 1556 1197 dicitur
1586 1172 1626 1211 p.
1656 1159 1772 1210 1363,

274 1228 337 1265 14.
370 1214 521 1254 Confer
541 1214 669 1253 etiam
692 1215 800 1267 quod
822 1214 920 1253 ibid.
945 1229 979 1253 v.
1001 1224 1065 1267 25.
1089 1213 1253 1267 legitur.
1289 1214 1547 1252 SCHAEF.

330 1271 450 1323 1362,
471 1271 536 1309 26.
559 1269 783 1323 ἀποπέμπῃ]
808 1270 854 1309 F.
878 1270 1084 1318 ἀποπέμπῃ
1105 1286 1171 1310 τις.
1206 1269 1463 1308 SCHAEF.

331 1327 450 1379 1362,
477 1336 541 1377 27.
585 1324 640 1364 ἐπ’
681 1325 786 1364 ἐννέ’
824 1327 986 1373 ὀβολοῖς
1017 1324 1262 1377 τοκοφορεῖν]
1300 1324 1408 1363 Vide
1446 1323 1693 1363 Salmasium
1725 1323 1776 1362 de

273 1381 333 1419 M.
359 1381 413 1419 U.
435 1395 476 1433 p.
497 1392 678 1433 57.151.
704 1382 796 1420 161.
832 1381 1108 1419 TAYLOR.

332 1437 450 1489 1362,
476 1436 541 1475 28.
577 1436 784 1489 εἶναι-τῷ
817 1434 947 1488 κυρίῳ]
987 1437 1105 1475 Haec
1133 1435 1358 1488 jungenda.
1400 1434 1513 1474 licere
1544 1434 1712 1474 domino.
1755 1436 1775 1474 ὁ

272 1493 397 1539 κύριος
422 1495 485 1531 est
507 1491 575 1543 qui
598 1491 810 1530 mulierem
832 1491 1075 1544 despondit:
1110 1491 1148 1529 h.
1172 1491 1197 1529 l.
1222 1490 1472 1543 Stephanus.
1506 1490 1763 1529 SCHAEF.

332 1548 451 1600 1363,
481 1560 544 1600 13.
580 1548 640 1586 καὶ
672 1552 755 1588 ταῖς
790 1547 974 1598 ἐσχάταις
1008 1547 1150 1596 ζημίαις
1180 1551 1244 1585 est
1276 1546 1345 1586 vel
1371 1546 1524 1585 ultimis
1550 1546 1773 1599 suppliciis.

272 1616 374 1641 eren.
408 1602 654 1642 SEAGER.
678 1602 791 1641 Diar.
817 1602 982 1642 Classic.
1007 1604 1072 1641 61.
1102 1617 1141 1655 p.
1163 1603 1229 1653 67.
1253 1604 1326 1649 καὶ,
1348 1601 1506 1654 opinor,
1528 1601 1649 1641 malis
1672 1601 1778 1641 dele-

273 1663 363 1697 tum
385 1672 479 1697 cum
501 1657 685 1697 Reiskio.
720 1657 962 1697 SCHAEF.
1012 1657 1170 1696 Delevi.

334 1715 453 1766 1363,
474 1714 538 1752 28.
562 1712 609 1761 ἢν
631 1714 776 1764 ἔλαχεν
797 1713 880 1761 ἐμοὶ
902 1713 1120 1765 Στέφανος]
1145 1711 1350 1751 Notabilis
1372 1712 1583 1751 conversio
1604 1727 1629 1752 a
1650 1712 1778 1753 tertia

274 1782 451 1821 persona
471 1769 525 1807 ad
546 1768 735 1821 primam.
769 1767 1014 1807 SOHAEF.

334 1826 453 1876 1364,
481 1824 542 1862 18.
578 1823 698 1862 πάλιν
728 1822 890 1876 λαβεῖν]
926 1823 1038 1861 Ν11111
1067 1823 1179 1862 aliud
1209 1822 1275 1861 hic
1308 1822 1386 1862 loci
1419 1822 1538 1862 πάλιν
1570 1822 1778 1876 significat

274 1883 401 1931 atque
423 1880 498 1918 ἀνὰ
515 1878 555 1917 111
578 1880 799 1928 ἀναλαβεῖν
819 1893 855 1917 v.
879 1891 944 1931 23.
994 1878 1197 1918 Phrastor
1220 1892 1393 1931 puerum
1414 1892 1551 1918 secum
1573 1879 1779 1918 habuerat

273 1939 400 1973 antea
420 1948 655 1986 nunquam:
688 1948 771 1973 non
798 1938 965 1986 poterat
990 1948 1089 1987 ergo
1111 1934 1276 1987 proprie
1299 1933 1379 1972 dici
1401 1934 1522 1973 πάλιν
1542 1933 1776 1983 λαμβάνειν.

276 1988 357 2028 Sed
378 1989 497 2029 πάλιν
518 2004 600 2028 11011
626 2003 787 2043 semper
807 1989 1081 2028 reversionem
1101 1990 1156 2029 ad
1183 1989 1318 2028 locum
1348 1989 1528 2042 priorem
1559 1989 1777 2042 significat,

275 2045 347 2083 sed
365 2044 491 2084 etiam
511 2045 731 2091 interdum,
755 2048 802 2084 ut
824 2044 901 2092 1116,
924 2045 1238 2084 translationem
1258 2059 1284 2084 a
1304 2051 1424 2097 parte
1455 2045 1532 2083 hac
1553 2044 1594 2083 in
1616 2048 1779 2097 partem

274 2099 412 2139 aliam.
473 2100 627 2139 Fuerat
651 2114 753 2152 puer
773 2105 872 2139 ante
900 2100 941 2138 id
966 2105 1129 2153 tempus
1159 2114 1284 2153 penes
1310 2104 1511 2139 matrem:
1540 2100 1628 2152 jam
1658 2104 1782 2152 pater

276 2169 369 2194 eum
390 2154 510 2193 πάλιν
531 2155 584 2193 ad
607 2170 661 2202 se,
684 2156 723 2194 11.
746 2169 780 2193 e.
804 2155 845 2193 in
866 2160 1031 2207 partem
1055 2156 1190 2201 aliam,
1212 2155 1492 2194 transferebat
1514 2160 1556 2194 et
1577 2155 1779 2194 adscisce-

276 2210 362 2249 bat.
397 2209 588 2248 REISK.
648 2211 767 2248 πάλιν
798 2214 942 2258 λαβεῖν
966 2214 1009 2249 61
1044 2212 1264 2259 ἀναλαβεῖν
1299 2210 1424 2248 11011111
1457 2224 1702 2262 componere
1732 2216 1780 2250 111

276 2264 459 2317 ejusdem
481 2265 605 2303 verba
626 2264 951 2316 significationis.
1015 2265 1221 2304 Phra-stor
1240 2269 1366 2304 antea
1390 2279 1562 2317 puerum
1584 2280 1666 2305 una
1687 2279 1780 2304 cum

276 2325 411 2359 matre
441 2319 754 2371 repudiaverat:
789 2333 896 2358 1111116
926 2319 1085 2358 mulieri
1117 2320 1318 2372 placatus,
1340 2320 1460 2359 πάλιν
1482 2321 1617 2369 ἔλαβε,
1642 2334 1780 2360 rursus

279 2377 317 2425 (e
337 2375 553 2421 contrario)
578 2381 619 2413 ut
638 2388 750 2413 swam
780 2374 957 2421 admisit,
980 2375 1140 2427 recepit.
1181 2374 1301 2414 πάλιν
1323 2376 1542 2424 ἀναλαβεῖν
1568 2375 1634 2415 τὸν
1664 2379 1782 2415 παῖδα

278 2445 317 2483 p.
343 2431 462 2482 1365,
485 2443 547 2482 13.
582 2429 826 2469 SOHAEF.

338 2486 457 2537 1364,
483 2496 548 2536 23.
580 2484 640 2537 γε]
674 2484 864 2523 Positum
884 2488 980 2536 post
1000 2486 1054 2523 ὅτι
1078 2485 1257 2524 refertur
1278 2485 1332 2524 ad
1363 2489 1499 2524 totam
1520 2486 1628 2525 hanc
1648 2485 1781 2525 notio-

277 2554 394 2579 nem:
428 2541 486 2578 ὅτι
515 2541 698 2589 ὑγιαίνων
719 2540 786 2578 οὐκ
807 2540 855 2578 ἄν
875 2555 970 2578 ποτε
993 2539 1146 2589 ἔπραξε.
1210 2540 1253 2579 Si
1279 2544 1423 2579 orator
1451 2540 1658 2593 posuisset
1685 2545 1781 2593 post

276 2596 473 2645 ὑγιαίνων,
501 2594 560 2646 (1(1
583 2595 693 2647 quod
713 2594 898 2642 licebat)
922 2595 1147 2634 referretur
1167 2595 1219 2634 ad
1252 2596 1329 2634 hoe
1351 2595 1482 2634 solum
1502 2595 1780 2649 participium.

281 2649 524 2689 sGHAEF.

338 2706 458 2756 1364,
485 2706 549 2743 26.
582 2704 828 2752 ἀνέστη-τὸ
860 2705 985 2755 σῶμα]
1015 2704 1226 2743 Orationis
1252 2704 1530 2744 redundantia
1560 2705 1694 2745 affinis
1724 2706 1780 2745 lo-

279 2758 479 2811 quacitati
502 2773 575 2798 nec
599 2758 908 2798 Demosthenici
933 2759 1090 2797 coloris.
1125 2759 1368 2799 SCHAEF.

341 2815 457 2866 1365,
483 2815 519 2852 8.
556 2813 755 2866 Βρυτίδας]
794 2813 908 2853 Oitat
940 2813 978 2851 h.
1002 2813 1026 2851 l.
1061 2814 1351 2866 Harpocation
1383 2829 1421 2853 v.
1452 2815 1656 2865 Βρυτάὸαι.
1720 2815 1773 2854 V.

278 2868 492 2920 interpret.
517 2869 570 2907 ad
594 2869 775 2920 Hesych.
798 2868 876 2907 vol.
905 2881 936 2906 1.
961 2883 999 2920 p.
1027 2879 1119 2919 777.
1157 2868 1398 2909 SCHAEF.
