1956 3236
469 138 793 179 ADVERSUS
832 137 1118 178 Romarm!
1146 138 1220 187 (1.)
1494 135 1603 177 1168

143 258 237 297 999,
264 255 304 295 5.
334 244 465 295 ἀηδής]
505 244 699 284 Recurrit
732 259 769 297 1».
796 258 912 291 1000,
941 260 991 297 9.,
1023 244 1091 283 ubi
1127 243 1253 283 ctiam
1289 243 1403 292 ἀηδία
1438 241 1601 293 legitur.

87 300 342 341 ScllAlssF.

142 372 236 409 999,
261 358 296 395 8.
318 358 516 407 Ταμύνας]
554 357 607 396 V.
630 371 737 409 quae
769 356 809 395 in
842 356 1046 410 principio
1067 360 1210 396 annot.
1240 356 1294 396 ad
1322 355 1428 394 hanc
1450 353 1603 393 oratio-

85 426 177 452 nem
201 413 313 452 dicta
335 417 431 452 sunt
453 418 496 452 ct
517 413 570 452 ad
592 427 630 465 p.
653 415 749 465 567,
778 425 812 451 2.

142 469 229 510 τοὺς
265 470 372 510 Χόας
407 469 529 519 ἄγων]
588 469 631 507 ld
668 474 731 508 cst
767 468 1107 508 Anthcstcrionis
1145 468 1209 508 dic
1243 466 1503 514 duodecimo,
1535 465 1604 519 qui

86 524 457 564 Anthestcriorum
489 525 693 564 secundus
725 525 815 572 fuit7
840 527 941 566 Χόες
968 525 1217 578 appellatus
1269 524 1323 563 V.
1349 523 1604 575 ihu-pomnt.

87 595 120 620 S.
139 595 174 620 v.
198 582 313 622 Χόες.

145 651 240 690 999,
265 648 325 690 15.
350 639 557 688 πατρόθεν]
594 636 752 677 Contra
774 651 878 682 cum,
904 636 972 689 qui
1004 650 1165 675 mecum
1196 649 1347 675 nomen
1379 635 1488 674 idem
1510 648 1607 673 cun-

87 693 263 745 demque
288 698 454 746 putrem
485 693 639 732 habere
667 707 756 732 sese
786 694 926 732 ferret.
990 692 1109 732 Alias
1141 691 1260 731 multi
1295 691 1463 730 nomina
1495 705 1609 743 gerc-

88 749 191 789 bant
213 749 369 794 eadem.
392 749 464 788 scd
496 755 664 802 patrum
695 748 863 788 nomina
884 748 1146 788 ‹lifferelmnh
1181 748 1373 787 REISK.
1437 746 1610 786 Nomine

80 805 219 858 patris
239 805 391 845 addito.
436 806 696 845 SCHAEF.

147 863 180 901 εἰ
209 861 347 910 μισθὸς
375 862 560 911 ἐπορίσθη
588 865 667 902 τοῖς
695 861 966 911 δικαστηρίοις]
995 859 1207 899 Ῑῗοιῒῑικςίε
1239 858 1504 912 expeditione
1536 873 1606 898 ex-

89 917 241 957 hausto
268 917 430 957 aerario
455 931 613 957 merces
639 917 848 970 judicibus
877 916 977 956 (lata
1004 930 1087 955 uon
1120 916 1210 955 fuit.
1276 915 1384 955 Nam
1407 914 1448 954 in
1471 914 1609 953 Timo-

89 978 233 1014 cratea
253 978 381 1027 negat
402 988 472 1013 cos
492 973 626 1027 gratis
654 974 729 1012 hoc
752 987 900 1012 munus
925 972 1125 1013 obituros.
1165 972 1338 1011 WOLF
1348 1005 1354 1011 .
1418 970 1609 1010 Assenti-

91 1034 161 1069 tur
187 1029 342 1069 Wolfio
373 1030 607 1069 Boeekhius
638 1032 738 1069 Act.
770 1029 970 1069 Acadcm.
998 1028 1168 1068 Boruss.
1191 1043 1230 1068 a.
1254 1028 1544 1082 1818-1819.
1569 1042 1608 1080 p.

149 1156 244 1196 999,
268 1144 329 1181 16.
350 1159 397 1192 με
418 1147 513 1196 post
535 1144 695 1194 εἰσῆγον
717 1141 765 1181 ἂν
784 1141 905 1195 vulgo
926 1141 1082 1181 lectum
1108 1146 1220 1180 recte
1243 1155 1321 1179 om.
1347 1140 1389 1179 S.
1412 1154 1444 1179 r.
1508 1139 1612 1179 Sub-

91 1199 188 1238 audi
218 1198 286 1238 τὸν
314 1200 496 1238 Βοιωτόν.
558 1198 666 1238 Nam
692 1197 761 1251 qui
794 1200 890 1237 κατὰ
920 1202 987 1237 τοῦ
1018 1197 1377 1246 λιποτακτήσαντος
1405 1197 1475 1245 τὴν
1499 1195 1614 1245 λῆξιν

94 1254 252 1304 ἐδέξατο
292 1259 339 1294 ut
379 1259 597 1307 ταξιαρχῶν
627 1257 694 1304 τῆς
734 1257 872 1306 φυλῆς,
910 1253 1020 1293 idem
1065 1268 1147 1292 non
1188 1253 1327 1307 potuit
1370 1252 1611 1304 εἰσάγεσθαι.

94 1310 344 1351 SOHAEF.

150 1369 270 1406 ταῦτα
291 1367 323 1406 δ’
341 1368 374 1406 εἰ
395 1366 672 1417 μὴ--συνέβη]
709 1366 830 1406 Haec
853 1366 1070 1419 conjunge.
1106 1364 1299 1405 WOLF.

152 1423 480 1474 σεσημασμένων]
516 1423 803 1476 σεσημασμένα)
830 1436 880 1462 cx
906 1422 946 1461 h.
970 1422 995 1461 1.
1018 1422 1123 1462 citat
1152 1421 1387 1475 exscriptus
1413 1435 1439 1461 a
1462 1420 1617 1460 photio

98 1478 426 1533 Harpocration.

153 1535 463 1585 σεσημασμένων
484 1535 688 1585 ἤδη-τῶν
711 1535 867 1586 ἐχίνων]
903 1534 1014 1585 Quid
1040 1548 1136 1573 vero
1165 1534 1247 1573 ista
1277 1532 1512 1587 obsignatio
1542 1533 1615 1572 ob-

96 1595 186 1632 stat
213 1606 295 1645 quo
326 1591 461 1631 minus
489 1595 619 1632 testes
650 1591 961 1645 producantur?
995 1590 1186 1630 WOLF.
1250 1589 1343 1629 Non
1375 1589 1621 1629 meminerat

97 1648 159 1687 vir
193 1647 367 1688 eximius
400 1662 506 1701 quae
542 1647 670 1688 habet
707 1647 946 1701 Etymolog.
979 1647 1040 1686 M.
1069 1652 1111 1686 et
1139 1646 1315 1685 Photius
1350 1660 1381 1685 s.
1406 1661 1442 1685 v.
1475 1647 1617 1698 ἐχῖνος.

99 1704 352 1745 SOHAEF.

156 1775 254 1815 999,
276 1761 339 1801 18.
370 1761 650 1812 προσκληθείη]
688 1759 873 1800 Subaudi
905 1759 1000 1810 πρὸς
1030 1759 1099 1798 τὸν
1129 1758 1395 1811 πολέμαρχον,
1430 1758 1546 1811 cujus
1577 1757 1619 1796 iu

92 1817 188 1871 jure
208 1822 330 1858 erant
350 1832 520 1858 caussae
541 1816 865 1871 peregrinitatis.
908 1814 1104 1854 REISK.

158 1888 252 1927 999,
276 1887 338 1927 19.
377 1873 618 1923 ποιήσασθαι
655 1873 785 1918 αὐτὸν,
819 1873 863 1911 οὐ
899 1871 1083 1921 λέληθεν]
1131 1872 1325 1920 ἔγνωσται
1362 1873 1528 1911 πολλοῖς
1564 1870 1623 1909 ὅτι

99 1930 324 1979 ἐποιήσατο.
387 1929 449 1969 Ne
471 1929 674 1982 conjunge
696 1929 740 1968 οὐ
762 1929 932 1977 λέληθεν
955 1927 1082 1966 αὐτόν.
1119 1925 1311 1965 WOLF.

158 2000 256 2040 999,
280 1997 344 2024 21.
366 1985 556 2038 γεγονὼς]
596 1984 766 2025 Scilicet
786 1984 865 2025 υἱὸς
886 1986 952 2023 τοῦ
975 1984 1068 2033 ἐμοῦ
1090 1983 1243 2032 πατρός.
1287 1981 1482 2021 REISK.

160 2056 254 2095 999,
281 2053 344 2083 22.
377 2043 502 2091 ἀληθῆ
532 2041 686 2096 λέγειν]
724 2039 910 2081 Subaudi
943 2040 989 2079 οὐ
1021 2038 1187 2090 φάσκων
1220 2040 1362 2078 ἑαυτοῦ
1392 2037 1476 2077 υἱὸν
1509 2036 1621 2077 εἶναι.

102 2097 300 2138 REISK.
360 2097 480 2148 Quod
509 2097 542 2136 si
572 2097 686 2137 vobis
713 2097 917 2144 videatur,
947 2094 1105 2149 poterit
1135 2094 1259 2133 homo
1291 2095 1420 2144 ξενίας
1451 2110 1621 2143 προσκα-

102 2157 273 2194 λεῖσθαι.
317 2153 569 2194 SCHAEF.

161 2224 255 2264 999,
288 2223 352 2263 23.
386 2211 549 2260 ἐρανίζει
584 2211 748 2260 τούτοις]
785 2209 969 2257 δανείζων
1003 2208 1132 2249 αὐτοῖς
1166 2208 1391 2256 μαρτυρίαν.
1430 2205 1621 2245 WOLF.

104 2265 221 2306 Citat
242 2266 281 2305 h.
303 2266 329 2305 1.
354 2265 670 2319 Harpocration
692 2280 726 2305 v.
749 2265 1030 2315 Ἐρανίζοντες.
1083 2263 1161 2314 Qui
1183 2263 1248 2302 hic
1272 2262 1516 2316 designatur
1540 2262 1625 2312 ἔρα-

105 2339 182 2368 νος,
218 2326 281 2362 est
317 2337 443 2376 opera
478 2322 519 2361 in
554 2322 657 2362 falso
691 2320 933 2362 testimonio
968 2335 1045 2373 pro
1077 2319 1212 2360 amico
1245 2319 1420 2358 dicendo
1454 2325 1621 2358 navata.

104 2377 375 2418 Contributio
406 2379 507 2418 haee
539 2383 615 2427 est,
639 2393 762 2431 quam
788 2376 1053 2417 Mantitheus
1084 2376 1145 2416 ait
1175 2375 1380 2415 Boeotum
1412 2374 1622 2414 sodalibus

104 2448 275 2474 suorum
295 2434 495 2474 scelerum
516 2434 702 2475 conferre
723 2433 891 2473 solitum
911 2447 1014 2473 esse.
1057 2431 1252 2472 REISK.

169 2503 287 2531 1000.
314 2503 355 2542 3.
389 2494 453 2541 τῆς
484 2490 624 2544 ἀρχῆς]
660 2494 723 2540 τῆς
753 2491 989 2542 ταξιαρχίας.
1042 2489 1096 2529 V.
1125 2503 1165 2542 p.
1197 2502 1291 2542 999.
1319 2498 1380 2526 12.
1415 2489 1532 2534 1018,
1559 2499 1624 2535 27.

170 2614 288 2649 1000,
315 2616 375 2641 10.
408 2602 660 2653 συνέβαινεν]
706 2602 771 2641 De
802 2601 880 2641 hoc
915 2615 993 2640 usu
1024 2600 1137 2640 verbi
1168 2601 1402 2650 συμβαίνειν
1428 2614 1464 2638 v.
1494 2598 1625 2638 Hein-

109 2657 264 2697 dorfius
285 2658 341 2697 ad
363 2658 474 2698 Plat.
498 2658 629 2712 Gorg.
650 2673 690 2712 p.
719 2671 806 2711 ¹03·
850 2656 1102 2698 SGHAEF.

172 2726 290 2761 1000,
318 2725 376 2764 17.
413 2715 482 2763 τὴν
514 2714 736 2766 ἐγγραφὴν]
788 2713 936 2753 Malim
972 2713 1042 2762 τὴν
1075 2713 1169 2762 ἐμὴν
1203 2711 1420 2762 ἐγγραφὴν.
1466 2716 1623 2764 patrm?

110 2783 265 2809 curasse
295 2775 337 2808 ut
362 2769 430 2809 sub
460 2784 511 2817 σο,
534 2770 638 2823 quod
666 2776 772 2810 testes
802 2769 1025 2815 ediderunt,
1049 2768 1203 2808 nomine
1228 2766 1474 2818 [Mantithei
1506 2768 1624 2818 puta]

110 2824 198 2865 albo
218 2824 456 2876 phrase-‚rm
481 2825 721 2866 inscriberer.
755 2825 949 2865 REISK.
1013 2825 1148 2864 Immo
1170 2822 1434 2876 intelligenda
1458 2821 1627 2875 inscrip-

112 2881 172 2921 tio
194 2880 357 2920 Boeoti.
405 2881 459 2919 V.
482 2896 521 2934 p.
546 2893 640 2935 995,
667 2882 731 2920 28.
755 2886 797 2921 et
818 2895 916 2920 mox
936 2896 974 2920 v.
1001 2893 1066 2920 22.
1115 2878 1364 2920 SCHAEF.

171 2937 240 2986 τὴν
261 2936 616 2990 δεκάτην-ποιῶν]
652 2937 843 2977 Recurrit
868 2937 1032 2990 phrasis
1055 2952 1091 2990 p.
1118 2948 1234 2983 1001.
1257 2948 1296 2987 5.
1321 2935 1356 2973 8.
1384 2947 1447 2986 23.
1510 2933 1627 2973 Alibi
