1925 3215
575 103 628 137 IN
663 102 1086 138 imMos'i‘iiicrx'EM.

127 203 194 237 lide
221 205 344 247 neptis,
360 216 447 237 uxor
475 204 635 243 Sosithei,
657 204 804 247 junioris

130 249 313 283 Eubulidis
331 255 439 283 mater
463 251 559 290 ¹058,
580 250 631 282 26,

84 295 254 328 Piraeeus.
297 295 518 333 Macedones,
531 307 599 339 quo
614 295 804 328 Athenien-

128 340 225 374 sibus
260 342 475 377 insultarent,
506 341 651 374 navibus
686 341 719 373 in
752 341 804 373 Pi-

129 397 264 420 raeeum
299 387 550 420 invehebantur
584 387 689 420 invita
727 397 806 429 pace

130 433 207 469 218,
235 433 296 466 ult.
340 433 369 465 οἱ
397 432 430 465 ἐκ
463 436 624 475 Πειραιῶς
649 439 731 465 sunt
761 432 807 464 illi

129 478 230 517 cives,
249 478 308 522 qui
325 490 365 511 ex
385 478 468 511 urbe
489 490 568 511 cum
589 478 809 511 secessissent

129 524 163 556 in
191 523 381 563 Piraeeum,
405 524 497 557 illinc
525 524 665 567 triginta
691 530 807 567 tyran-

130 580 194 602 nos
224 570 387 613 primum,
421 576 453 602 et
487 575 561 603 tum
597 569 808 603 decemviros

130 615 392 659 oppugnabant,
411 614 590 648 studentes
617 615 744 659 patriae
770 615 808 647 li-

131 660 297 694 bertatem
331 660 472 694 reddere
505 661 638 705 ipsique
665 661 807 694 domum

131 705 267 751 adjura
285 713 317 740 et
334 707 425 740 bona
443 707 586 750 pristina
604 706 712 740 redire
732 715 809 750 742.

135 761 188 795 15.

88 797 379 832 Pisistratidarum
399 809 525 831 nomen
543 798 733 831 admodum
752 809 809 830 ex-

132 854 234 922 ogum
268 851 339 877 erat
370 844 516 877 Athenis
552 844 700 885 160.15.
732 854 809 881 212,

137 900 149 922 1
182 915 188 922 .

88 934 287 974 Pittalacus,
314 935 419 968 homo
446 935 646 979 probrosus,
667 947 736 980 quo
752 935 810 968 Ti-

134 981 296 1015 marchus
321 981 532 1014 familiariter
552 981 714 1014 utebatur
731 991 810 1024 417,

136 1037 188 1060 21.

89 1071 242 1106 Pitholas
265 1072 464 1115 (Πειθόλας)
483 1072 518 1106 id
543 1078 594 1106 est
622 1072 810 1111 pitholaus,

133 1118 333 1158 Thessalus,
352 1119 466 1152 Attica
491 1119 624 1152 civitate
650 1118 811 1157 donatus,

134 1175 204 1208 quo
229 1164 395 1208 indignus
421 1164 551 1198 honore
572 1165 665 1198 visus
691 1175 812 1197 rursus

135 1211 289 1253 privatus
306 1216 358 1244 est
380 1210 477 1254 1376,
496 1220 515 1252 5

91 1255 235 1299 Plango,
282 1255 435 1289 Mantiae
479 1255 685 1294 concubina,
727 1266 813 1300 quae

135 1301 264 1346 quibus
291 1301 442 1345 strophis
467 1313 547 1334 eum
575 1301 756 1344 deceperit,
783 1307 815 1333 et

159 1353 283 1380 nantas
317 1347 430 1380 clades
464 1347 510 1380 rei
543 1347 616 1390 ejus
658 1347 814 1379 familiari

136 1358 279 1431 iiederit,
306 1399 339 1426 et
366 1393 504 1437 quantis
530 1392 648 1425 litibus
682 1393 814 1435 ipsum-

137 1449 203 1482 que
235 1438 413 1483 filiumque
447 1439 531 1482 ejus,
567 1438 814 1475 NIantitheum,

137 1495 197 1527 per
215 1484 351 1528 spurios
369 1496 451 1517 suos
474 1484 645 1517 Boeotum
663 1490 695 1516 et
715 1484 815 1516 Pam-

137 1529 273 1573 philum
291 1530 432 1569 vexarit,
451 1535 586 1563 constat
604 1541 643 1562 ex
663 1530 816 1563 oratione

137 1576 173 1608 in
216 1576 387 1609 Boeotum
427 1576 567 1619 gemina
600 1586 619 1607 a
652 1587 730 1619 994.
773 1575 815 1608 ad

142 1621 240 1655 1026.

94 1667 258 1706 Plataeas,
285 1666 549 1700 Orchomenum
575 1673 608 1700 et
634 1666 816 1710 Thespias,

139 1718 178 1746 ut
207 1713 311 1747 urbes
341 1713 406 1746 sibi
438 1713 594 1746 inimicas
624 1712 817 1757 studiisque

139 1758 210 1792 suis
237 1758 470 1798 adversantes,
499 1759 652 1792 secunda
678 1758 817 1792 fortuna

140 1804 175 1837 in
192 1804 283 1838 bello
303 1804 483 1838 Leuctrico
504 1805 558 1838 usi
575 1804 733 1837 Thebani
758 1804 816 1837 de-

140 1856 348 1884 struxerant.
382 1850 431 1884 Ut
449 1851 553 1894 igitur
570 1850 604 1883 hi
621 1850 715 1883 omni
735 1861 817 1883 con-

140 1896 293 1929 tentione
338 1895 584 1939 impediebant,
626 1907 668 1929 ne
713 1895 817 1929 urbes

140 1942 216 1975 illae
233 1947 519 1981 restaurarentur,
539 1941 665 1986 quibus
683 1941 817 1974 refectis

140 1999 281 2021 necesse
313 1994 403 2020 esset
443 1999 497 2020 res
531 1999 611 2020 suas
645 1986 751 2020 deteri
785 1993 818 2020 et

142 2033 301 2066 imminui
336 2043 413 2077 203,
439 2046 485 2074 4.,
519 2033 565 2066 ita
598 2045 615 2066 e
648 2033 818 2066 contrario

142 2079 372 2112 Athenienses
406 2079 501 2111 omni
534 2090 637 2122 opera
669 2078 703 2111 id
738 2090 817 2122 age-

142 2124 238 2163 bant,
278 2130 318 2157 ut
358 2130 634 2157 restaurarentur
674 2134 730 2168 59,
766 2135 817 2157 12.

145 2170 223 2209 208,
243 2170 295 2203 18.
317 2179 396 2214 347,
416 2180 470 2204 20.
491 2179 570 2214 375,
590 2169 622 2203 6.
651 2169 820 2203 celebrata

143 2216 200 2248 issa
217 2215 377 2255 formula,
396 2216 435 2248 οὐ
452 2216 498 2258 μὰ
518 2216 594 2250 τοὺς
617 2216 652 2249 ἐν
669 2218 818 2249 Πλαται-

143 2263 194 2296 αῖς
210 2261 504 2305 παραταξαμένους
523 2271 600 2306 297,
620 2272 672 2294 12.

98 2306 352 2341 Plataeensium
386 2306 428 2340 de
460 2307 733 2340 Atheniensibus
767 2307 819 2340 in-

145 2353 256 2396 signia
295 2353 427 2392 merita,
461 2360 494 2386 et
531 2352 658 2397 quibus
700 2358 821 2386 contra

144 2398 265 2431 officiis
298 2397 489 2442 studiisque
524 2398 753 2432 Athenienses
783 2410 821 2432 ea

146 2444 214 2476 sint
244 2443 409 2483 demeriti,
440 2443 534 2477 unde
563 2450 684 2477 natum
715 2444 820 2477 Lace-

147 2488 409 2522 daemoniorum
445 2489 699 2523 internecinum
740 2501 822 2534 erga

146 2534 363 2567 Plataeenses
386 2534 505 2568 odium
525 2541 558 2567 et
581 2546 681 2568 saeva
703 2535 821 2578 oppidi

146 2580 361 2624 oppugnatio
390 2591 534 2624 eamque
560 2580 701 2613 tandem
730 2581 820 2614 inse-

146 2631 267 2659 cutum
284 2626 517 2659 miserrimum
540 2625 712 2659 excidium
729 2627 820 2659 mul-

145 2671 190 2704 tis
209 2670 322 2705 verbis
343 2677 567 2714 exponuntur
587 2680 687 2715 1377,
706 2682 724 2704 2
744 2683 819 2717 sqq.

146 2716 190 2749 ad
212 2717 310 2760 1381,
331 2727 384 2750 22.

102 2762 267 2801 Platonis,
293 2762 472 2795 clarissimi
500 2761 710 2806 philosophi,
737 2774 818 2796 con-

148 2788 297 2841 suetudo
320 2807 493 2853 Archytae
514 2807 701 2841 Tarentino
725 2808 820 2842 haud

147 2865 270 2897 parum
303 2853 431 2897 profuit
464 2852 506 2887 ad
547 2853 692 2897 gloriam
722 2863 820 2896 1415,

152 2910 204 2943 13
230 2911 263 2943 p.
287 2910 384 2943 1490,
408 2910 458 2933 12.
487 2898 610 2932 dicitur
638 2898 821 2933 Heracleo—

1485 106 1580 140 1450ss

908 202 1013 235 dorus
1040 215 1056 235 c
1087 203 1236 235 Platonis
1267 202 1349 236 ludo
1375 204 1496 242 exisse,
1523 205 1580 248 qui

909 249 1041 291 magnis
1060 248 1105 281 ibi
1123 247 1285 281 laudibus
1303 256 1456 282 ornatur.

865 294 1015 326 Plistoris
1047 306 1169 327 caussa
1199 306 1292 327 num
1287 306 1354 327 1111
1384 306 1462 328 cum
1494 294 1580 328 Pau-

909 346 1042 372 taeneto
1060 346 1089 372 et
1114 340 1139 372 1⁴]
1143 351 1249 383 uergo
1268 340 1346 384 967
1368 351 1420 373 21.

863 385 1081 423 Plutarchus,
1112 385 1261 418 Eretriae
1295 398 1329 418 in
1360 386 1500 419 Euboea
1530 393 1581 431 ty-

908 442 1050 468 rannus,
1070 431 1124 463 illa
1146 431 1187 464 ‹le
1205 431 1363 469 factione,
1382 433 1435 465 cui
1459 433 1583 465 auxilia

908 477 994 509 mitti
1025 477 1160 509 vetabat
1193 477 1457 516 Demosthenes,
1489 478 1581 522 quod

909 534 1008 555 secus
1042 522 1171 555 sactum
1207 523 1381 556 insecutae
1416 530 1497 556 sunt
1532 524 1582 556 in-

908 574 1027 610 gentes
1058 568 1171 601 clades
1205 572 1261 612 58,
1288 579 1320 612 5.
1355 569 1582 602 Postmodum

909 615 1035 658 ejectus
1069 620 1120 647 est
1156 614 1362 648 Plutarchus
1397 627 1465 648 111111
1503 627 1583 648 cum

910 660 1137 699 mercenariis,
1157 671 1245 705 quos
1263 661 1383 694 alebat.
1438 660 1584 694 Reddita

909 706 957 738 sic
976 705 1065 748 plebi
1090 707 1276 749 majestate,
1298 706 1445 750 Philippi
1468 713 1584 740 tamen

910 751 1055 784 studiosi
1073 751 1259 785 effecerunt
1278 759 1315 785 ut
1338 752 1380 785 ab
1398 764 1437 785 eo
1457 753 1584 786 missus

910 808 991 830 cum
1011 797 1103 830 mille
1126 799 1343 831 mercenariis
1366 798 1584 842 Hipponicus

914 842 1043 875 Eretria
1076 844 1294 886 reciperetur,
1326 844 1383 888 qui
1413 856 1507 877 arces
1537 846 1583 888 τῷ

909 888 1049 933 πορθμῷ
1075 889 1253 931 impositas
1277 889 1398 933 dejecit
1418 890 1585 923 Eretriae-

910 945 976 978 que
1002 934 1212 977 praesidium
1241 941 1476 979 tyrannosque
1504 942 1585 974 tres,

914 979 1167 1022 Hipparchum,
1211 980 1505 1014 Automedontem
1554 987 1587 1013 et

912 1025 1139 1064 Clitarchum,
1189 1025 1354 1069 imposuit
1409 1037 1483 1070 125,
1532 1037 1586 1067 24.

912 1070 1030 1112 (Conf.
1054 1071 1191 1114 Ulpian.
1216 1071 1258 1104 ad
1286 1084 1318 1115 p.
1343 1083 1422 1115 434.
1449 1078 1482 1105 et
1507 1081 1586 1115 550,

913 1116 966 1149 26.
998 1116 1057 1149 ubi
1092 1116 1236 1150 defectio
1271 1118 1432 1151 Euboeae
1466 1118 1508 1151 ab
1539 1118 1587 1150 A-

912 1162 1150 1195 theniensibus
1179 1175 1198 1196 a
1225 1163 1412 1197 Plutarcho
1441 1163 1589 1197 conflata

912 1208 1118 1250 enarratur.)
1155 1209 1293 1242 Nomen
1313 1210 1399 1253 ejus,
1423 1221 1502 1242 cum
1527 1209 1587 1242 ad-

914 1253 981 1287 huc
1015 1255 1167 1297 potentia
1207 1255 1353 1294 floreret,
1386 1254 1588 1288 formidolo-

914 1311 993 1332 sum
1018 1306 1089 1333 erat
1113 1300 1258 1333 Athenis
1277 1310 1356 1345 579,
1376 1312 1407 1334 2.
1434 1301 1494 1334 ubi
1519 1301 1589 1334 Mi-

914 1345 987 1378 dias
1013 1352 1197 1389 protect0r‚
1216 1347 1432 1380 consiliarius
1456 1353 1487 1379 ct
1510 1358 1588 1390 pro-

914 1398 1052 1424 curator
1070 1391 1203 1425 dicitur.

870 1437 1098 1470 Polemaestes
1120 1436 1340 1482 [Polemistes
1355 1438 1384 1482 ?]
1409 1449 1507 1483 1491,
1526 1439 1589 1472 ult.

870 1483 1021 1522 Polemo,
1076 1483 1233 1527 Hagniae
1287 1484 1388 1523 filius,
1441 1484 1589 1518 Oeensis

921 1540 1018 1572 1057,
1042 1540 1092 1562 10.

871 1575 1084 1619 Polyaratus‚
1115 1574 1372 1619 Cholargensis,
1403 1588 1487 1609 avus
1518 1588 1591 1609 ma-

914 1627 1034 1654 ternus
1062 1620 1247 1654 Mantithei
1271 1633 1367 1665 1009,
1396 1632 1449 1663 25.
1487 1622 1591 1654 homo

916 1666 1010 1700 dives
1028 1672 1061 1699 et
1078 1667 1191 1700 clarus
1210 1667 1356 1701 Athenis
1379 1678 1476 1709 1015,
1498 1667 1553 1701 26.

871 1712 1038 1756 Polycles,
1057 1712 1156 1756 cujus
1177 1713 1339 1757 iniquitas
1360 1720 1393 1746 et
1410 1713 1592 1747 insolentia

916 1758 1109 1802 exagitatur
1137 1759 1302 1799 oratione,
1333 1771 1419 1803 quae
1446 1760 1480 1792 in
1511 1771 1591 1792 eum

916 1804 996 1847 agit,
1016 1815 1034 1836 a
1052 1816 1084 1847 p.
1105 1803 1202 1837 1206.
1222 1804 1263 1837 ad
1284 1817 1316 1848 p.
1337 1806 1433 1837 1228.

870 1849 1038 1893 Polycles,
1090 1849 1230 1882 Archon
1285 1850 1591 1894 pseudeponymus

918 1895 996 1933 261,
1020 1906 1070 1928 12.

871 1941 1067 1985 Polycrates
1094 1948 1214 1974 auctor
1242 1942 1393 1974 coloniae
1422 1942 1456 1974 in
1485 1941 1592 1974 Cher-

918 1987 1107 2020 rhonesum
1125 1986 1313 2020 mittendae
1335 1987 1410 2031 163,
1429 1987 1461 2019 6.

871 2032 1067 2076 Polycrates
1095 2032 1319 2076 Epiphronis,
1343 2034 1377 2065 in
1377 2012 1524 2075 ¹³legatis
1550 2032 1593 2066 ad

919 2071 1119 2122 Philippum
1143 2078 1236 2121 apud
1256 2079 1409 2112 Elateam
1434 2085 1593 2122 agentem

918 2124 1033 2157 missis
1054 2125 1131 2167 283,
1155 2134 1183 2168 7.

873 2169 1066 2214 Polycritus
1092 2170 1287 2213 Apemanti,
1311 2168 1533 2209 Cothocides,
1559 2170 1593 2203 in

918 2216 1038 2260 legatis
1065 2215 1106 2249 ad
1133 2215 1332 2259 Philippum
1358 2216 1473 2249 missis
1498 2216 1594 2248 navi-

918 2273 979 2294 um
997 2261 1263 2305 repetendarum
1280 2272 1362 2304 ergo
1382 2272 1399 2294 2
1404 2270 1460 2305 50,
1479 2261 1531 2294 16.

874 2307 1094 2352 Polyeuctus,
1113 2309 1130 2340 ὁ
1147 2306 1332 2346 βέλτιστος
1354 2307 1495 2340 honoris
1514 2319 1596 2350 ergo

919 2364 937 2385 a
970 2353 1206 2386 Demosthene
1235 2353 1438 2396 appellatuS,
1467 2353 1531 2386 fuit
1560 2354 1594 2385 in

918 2399 1040 2450 legatis
1059 2398 1102 2432 ad
1120 2398 1273 2432 civitates
1286 2398 1595 2442 Peloponnesiacas

919 2444 1036 2477 missis
1059 2455 1134 2489 129,
1154 2444 1206 2477 18.

874 2489 1094 2533 Polyeuctus,
1115 2489 1244 2522 Midiae
1263 2488 1453 2528 studiosus,
1472 2500 1594 2522 nume-

919 2542 1015 2569 ratur
1032 2536 1067 2568 in
1091 2535 1313 2579 sycophantis
1331 2533 1411 2578 560,
1433 2545 1464 2567 2.

874 2581 1083 2626 Polyeuctus
1106 2580 1281 2614 Crioe'nsis
1304 2590 1403 2620 1042,
1422 2590 1454 2623 5.

874 2626 1083 2671 Polyeuctus
1107 2625 1300 2664 Thriasius,
1326 2631 1423 2668 pater
1448 2624 1596 2658 duarum

919 2672 1123 2715 puellarum,
1154 2681 1301 2715 quarum
1340 2669 1382 2703 de
1415 2669 1494 2703 dote
1528 2670 1598 2703 duo

920 2718 994 2761 ejus
1017 2716 1145 2760 generi,
1172 2715 1321 2759 Spudias
1348 2722 1380 2748 et
1404 2716 1597 2754 Leocrates‚

917 2763 994 2807 jure
1012 2762 1237 2805 experiuntur
1258 2762 1344 2795 1028
1357 2773 1415 2812 511.

876 2808 1097 2852 Poly,euctus
1118 2806 1317 2840 Charidemi
1333 2807 1475 2840 xitiicus
1499 2818 1596 2851 1331,

921 2855 984 2887 ult.

878 2898 1118 2944 Polysthenes,
1132 2898 1238 2932 homo
1256 2910 1298 2931 ne
1314 2898 1439 2932 liberae
1458 2898 1598 2944 quidem

969 2959 1039 2998 Gg
