1956 3236
468 136 501 175 A
515 135 708 175 m'Ens
720 137 748 175 L?
761 136 787 175 S
822 137 1223 176 PAN'FAENE'FL'
1236 138 1292 176 M.
1531 140 1636 180 1147

181 250 277 292 979.
304 253 367 293 23.
399 243 466 283 τὰς
494 242 609 283 αὐτὰς
640 243 760 283 οὔσας
786 243 1016 293 ἀπολογίας]
1052 242 1158 280 Mihi
1191 243 1266 281 hac
1296 241 1335 280 iu
1367 255 1459 281 mea-
1490 257 1635 281 caussa

124 297 288 335 casdem
311 310 399 336 esso
422 297 723 342 excusationes,
748 313 849 350 quas
885 298 1071 351 lssucrgus
1095 305 1182 338 tum
1215 299 1251 337 iu
1286 313 1359 337 sua
1381 312 1528 338 caussa
1560 313 1634 352 pro

124 366 169 392 se
190 353 328 405 potuit
349 353 541 405 allegare.
575 353 766 393 REISK.

181 410 277 461 980,
300 422 334 447 1.
357 409 451 460 πρὸς
472 410 514 448 τὸ
536 410 797 461 δικαστήριον]
827 411 1011 450 Subuudi
1034 412 1137 450 τουτὶ
1159 411 1200 450 τὸ
1222 411 1471 460 μεταλλικὸν,
1495 425 1633 450 coram

122 478 204 517 quo
227 479 334 504 nunc
356 465 458 505 haec
480 480 627 506 caussa
648 465 799 519 agitur.
865 467 919 506 1⁴31:
941 467 997 506 sie
1021 482 1183 521 quoquc
1205 482 1243 520 p.
1267 468 1361 520 980,
1388 478 1423 519 7.
1455 469 1497 506 ἐν
1519 469 1559 506 δὲ
1583 468 1634 520 τῷ

121 523 367 575 δικαστηρίῳ,
389 521 544 562 scilieet
565 523 616 575 τῷ
637 526 872 576 μεταλλικῷ.
907 522 1103 562 REISK.

181 578 275 630 980,
298 587 337 631 5.
372 578 551 629 τήμερον]
588 579 652 617 Dc
674 578 830 618 solenni
852 579 1029 619 formula
1050 579 1196 619 οὐδέπω
1221 580 1280 618 καὶ
1303 579 1467 629 τήμερον
1490 594 1522 618 v.
1548 586 1633 619 not.

122 632 239 686 adp.
261 644 357 687 543,
384 645 447 686 27.
482 634 731 675 SCHAEF.

181 690 276 742 980,
300 692 337 730 6.
370 690 596 744 ἐξήτασται]
614 691 682 729 Α(1
703 691 998 743 nmwistranun
1033 705 1243 744 nunquam
1275 691 1460 739 accessit,
1485 692 1525 730 in
1548 692 1636 744 ejus

122 746 213 786 foro
235 761 277 786 se
300 760 511 799 nunquam
532 746 868 800 conspiciendum
891 762 990 800 pra<
983 747 1096 787 buit.
1131 747 1325 786 REISK.

182 803 276 855 980,
304 816 366 842 10.
391 804 613 856 προειδότα]
644 803 741 842 Sub
733 802 829 843 Ludi
853 804 921 843 τὸν
944 806 1130 855 Εὔεργον.
1164 803 1241 842 ΒΕ
1253 803 1362 842 lSK.

174 859 274 935 980,
302 871 364 911 13.
396 859 518 913 παρὰ]
555 859 701 899 Malim
732 860 754 910 ἡ
780 877 953 910 παρα-η
995 877 1038 915 τη
1060 877 1137 910 παρ
1180 861 1285 909 ὑμῶν
1316 861 1411 914 ὀργη
1443 874 1481 913 1).
1509 871 1572 912 74,
1596 874 1635 915 3

180 971 364 1024 980,16.
397 970 553 1024 τούτου]
588 971 682 1011 Νο11
711 971 899 1023 Εὔεργον,
922 976 969 1010 ut
992 970 1162 1011 Reiskio
1196 971 1327 1010 visum
1360 976 1435 1019 est,
1466 972 1538 1012 sed
1569 976 1637 1012 τοῦ

121 1027 356 1078 πράγματος.
392 1027 638 1068 SCHAEF.

181 1084 276 1136 980,
313 1097 376 1125 21.
428 1085 479 1138 τῷ
524 1083 684 1138 μεγάλῳ
734 1085 871 1138 τούτῳ]
924 1084 1101 1124 Ridetur
1151 1083 1381 1137 proceritas
1432 1088 1636 1125 staturae.

122 1139 376 1181 SGHAEF.

179 1197 435 1252 Στρατοκλεῖ]
473 1195 552 1236 Est
582 1196 813 1236 Stratocles
849 1195 1103 1250 Euthydemi
1141 1196 1249 1235 filius
1282 1196 1554 1243 Diomoensis,
1586 1198 1637 1237 de

121 1266 206 1306 quo
228 1267 264 1292 ν.
286 1253 467 1292 Pseudo-
472 1253 582 1292 Plut.
601 1252 690 1292 Vit.
715 1252 773 1292 X.
796 1256 901 1292 orat.
925 1267 964 1306 p.
987 1254 1082 1306 852.
1120 1252 1242 1292 Dixit
1264 1253 1315 1292 (10
1339 1266 1388 1292 00
1412 1253 1636 1293 Ruhnken.

119 1309 177 1349 ad
206 1308 336 1349 Rutil.
360 1309 464 1362 Lup.
498 1323 538 1362 p.
575 1321 644 1362 32.
707 1308 810 1362 Ejus
846 1313 968 1363 patel
1005 1309 1226 1359 Εὐθύδημος
1259 1309 1550 1359 Στρατοκλέους
1584 1310 1637 1349 Ob

121 1364 416 1405 liberalitatem
456 1379 556 1420 erga
589 1365 886 1418 rempublicam
921 1365 1117 1405 laudatur
1149 1365 1191 1404 in
1228 1370 1335 1405 orat.
1374 1365 1564 1406 Midiana
1597 1381 1637 1419 p.

120 1423 218 1475 567,
243 1423 307 1463 26.

181 1478 275 1531 980,
302 1489 367 1519 22.
400 1478 451 1532 τῷ
482 1477 754 1532 πιθανωτάτῳ]
792 1477 907 1517 Malo
941 1492 1063 1517 sensu
1096 1477 1562 1517 (11010111.Τ111101(11(108
1596 1491 1634 1529 4,

124 1545 189 1573 21.
213 1533 553 1586 δημαγωγὸς-ὢν
576 1535 638 1573 καὶ
659 1536 709 1587 τῷ
731 1533 872 1584 πληθει
892 1535 1171 1576 πιθανώτατος.
1205 1524 1461 1574 SCHAEF.

179 1590 278 1644 980,
306 1591 369 1630 26.
404 1591 634 1642 ἀνθρώπων]
669 1591 882 1641 ἀνθρώπων
910 1590 1091 1630 ἁπάντων
1126 1592 1179 1629 A.
1210 1604 1243 1630 1.
1298 1590 1381 1629 Sed
1409 1590 1450 1629 in
1483 1590 1640 1630 talibus

120 1645 309 1685 formulis
340 1646 471 1685 solum
497 1647 721 1697 ἀνθρώπων,
752 1646 863 1699 (1110(1
893 1646 1161 1694 meminerim,
1196 1646 1379 1700 ponitul.
1432 1646 1487 1685 V.
1513 1647 1567 1686 ad
1595 1662 1634 1700 p.

122 1702 218 1756 819,
244 1713 280 1755 7
304 1707 380 1742 et
369 1717 471 1756 quos
491 1702 616 1742 citavi
637 1702 679 1741 in
703 1702 757 1741 H.
781 1702 983 1755 Stephani
1009 1702 1139 1741 Thes·
1157 1717 1197 1756 p.
1215 1704 1318 1744 2061
1342 1702 1389 1742 B.
1412 1703 1475 1742 ed.
1500 1703 1536 1742 Ι
1541 1703 1638 1743 ond.

123 1757 451 1812 Xenophontem
473 1759 524 1798 de
546 1758 651 1822 Rep.
675 1758 826 1798 Laced.
853 1772 916 1805 10,
933 1771 972 1827 3.
1004 1758 1074 1798 ubi
1096 1758 1249 1813 legitur
1273 1759 1447 1808 μάλιστα
1474 1763 1550 1799 τῶν
1572 1760 1637 1799 ἀν-

122 1815 297 1865 θρώπων,
335 1815 524 1868 suspicor
553 1814 766 1868 scripsisse
797 1814 952 1864 μάλιστ’
989 1816 1214 1865 ἀνθρώπων.
1251 1814 1502 1855 SCHAEF.
1562 1815 1633 1865 μά-

120 1875 240 1910 λιστα
261 1871 417 1911 πάντων
438 1872 651 1922 ἀνθρώπων
671 1871 735 1910 Vel
764 1870 937 1920 μάλιστα
958 1871 1171 1921 ἀνθρώπων
1193 1871 1373 1910 ἁπάντων
1395 1870 1548 1924 legitur
1568 1885 1636 1924 ap.

124 1925 342 1968 Demosth.
367 1942 406 1981 p.
434 1939 527 1981 739‚
556 1927 618 1966 18.
674 1927 756 1966 Sed
779 1926 859 1966 illic
882 1940 1044 1980 quoque
1065 1926 1220 1966 πάντων
1243 1940 1323 1966 0111.
1349 1927 1389 1965 S.

180 1983 277 2036 981,
304 1995 366 2022 10.
398 1985 448 2024 ὡς
470 1983 610 2036 ἔοικεν]
636 1983 796 2022 Ironice
818 1982 987 2022 dictum.
1023 1982 1274 2022 SCHAEF.

180 2040 276 2089 981,
309 2052 369 2078 11.
403 2040 448 2089 νὴ
471 2040 564 2092 Δία]
603 2039 717 2078 Male
748 2038 817 2079 alii
848 2039 941 2078 libri
965 2039 1009 2088 νὴ
1031 2039 1099 2078 τὸν
1123 2040 1211 2078 Δία.
1274 2038 1325 2077 In
1356 2038 1640 2093 hypophorico

121 2094 231 2134 enim
252 2094 502 2134 elocutionis
533 2095 744 2135 schemate
773 2095 912 2134 sedem
934 2095 1063 2134 habet
1094 2095 1258 2134 brevior
1278 2095 1455 2134 formula
1478 2095 1524 2145 νὴ
1547 2096 1637 2142 Δία,

123 2164 207 2189 non
224 2150 324 2190 item
346 2151 546 2204 prolixior
567 2151 612 2201 νὴ
634 2151 700 2190 τὸν
724 2152 815 2191 Δία.
850 2150 904 2190 V.
927 2156 1014 2190 not.
1036 2151 1091 2190 ad
1112 2166 1152 2204 p.
1178 2162 1271 2203 740,
1297 2166 1335 2205 9.
1371 2150 1625 2191 SCHAEF.

180 2207 276 2260 981,
305 2220 368 2261 13.
401 2209 454 2246 ὧν
489 2206 811 2262 δίκην-ᾕρηκεν]
853 2207 1025 2257 Quorum
1057 2206 1121 2246 hio
1159 2208 1477 2259 (Pantaenetus)
1508 2208 1641 2247 Euer-

120 2276 226 2315 yum,
249 2277 389 2302 caussa
410 2263 633 2316 adjudices
653 2263 796 2310 delata.
821 2263 1103 2309 condemnavit.
1126 2268 1174 2302 ut
1198 2263 1338 2303 Latini
1360 2263 1516 2310 dicunt,
1540 2263 1581 2303 h.
1604 2278 1637 2303 e.

123 2318 363 2372 impetravit
384 2324 431 2359 ut
452 2334 477 2359 a
494 2319 702 2372 judicibus
724 2319 1085 2359 condemnaretur.
1119 2319 1314 2359 REISK.

181 2375 276 2426 981,
300 2386 360 2428 15.
385 2375 497 2417 αὐτὸς
519 2375 636 2415 αὐτὸν
658 2376 786 2427 οὗτος]
826 2376 938 2416 αὐτὸς
966 2376 1076 2417 οὗτος
1104 2375 1213 2415 redit
1239 2376 1294 2415 ad
1315 2375 1640 2423 Pantaenetum,

123 2430 243 2470 αὐτὸν
266 2432 390 2483 (eum)
413 2431 467 2471 ad
488 2445 652 2471 servum
674 2430 879 2470 Nicobuli.
925 2430 1125 2470 REISK.

182 2486 276 2540 981,
300 2488 362 2526 16.
383 2486 534 2540 λέγειν]
574 2487 690 2538 Quae
712 2501 853 2526 serwis
874 2501 990 2526 meus
1013 2486 1248 2540 deliquerit.
1294 2486 1491 2526 REISK.

182 2542 276 2595 981,
301 2556 361 2596 ¹9·
393 2546 513 2582 ταῦτα
539 2542 568 2582 δ’
592 2543 659 2583 οὐκ
687 2544 802 2582 ἐῶσιν
824 2544 860 2582 οῖ
892 2544 1018 2596 νόμοι]
1060 2542 1113 2583 V.
1141 2543 1452 2583 Schoemannus
1474 2543 1525 2582 de
1549 2542 1643 2583 Lite

125 2598 220 2637 Att.
243 2612 283 2651 p.
304 2610 401 2652 573.
445 2598 696 2639 SOHAEF.

183 2653 278 2706 981,
300 2665 364 2707 25.
387 2656 602 2703 βακτηρίαν
623 2655 761 2707 φορεῖ]
799 2654 957 2694 Utrum
978 2653 1019 2693 id
1041 2654 1354 2694 foeneratorum
1375 2653 1535 2706 insigne
1551 2652 1642 2699 fuit

123 2722 179 2748 an
200 2708 469 2749 habuerunt
459 2724 501 2748 1n
522 2724 571 2749 eo
592 2710 801 2763 descripta
821 2710 1059 2750 debitorum
1079 2709 1247 2750 nomina
1270 2713 1344 2749 aut
1366 2708 1477 2748 ineis·
1481 2722 1515 2747 is
1535 2707 1644 2747 aeris

123 2763 248 2804 alieni
285 2767 495 2805 summas?
535 2768 586 2819 τῷ
623 2767 697 2817 γὰρ
734 2766 884 2818 ταχέως
918 2767 1115 2815 βαδίζοντι
1151 2767 1208 2807 τίς
1248 2782 1362 2816 χρεια
1400 2764 1641 2813 βακτηρίας;

128 2819 320 2859 WOLF.
380 2820 423 2859 τὸ
445 2825 583 2871 φορεῖν
603 2822 818 2872 Βακτηρίαν
838 2821 998 2874 paliter
1023 2835 1071 2861 ac
1097 2821 1140 2860 τὸ
1165 2820 1313 2872 ταχέως
1340 2821 1514 2869 βαδίζειν
1536 2822 1578 2857 et
1599 2818 1643 2857 τὸ

125 2875 225 2926 μέγα
246 2875 492 2927 φθέγγεσθαι
513 2876 696 2916 Athenis
722 2877 805 2917 tale
835 2877 1028 2916 habitum
1048 2877 1141 2924 fuit,
1166 2876 1278 2929 quod
1305 2888 1454 2927 parum
1475 2874 1645 2913 deceret

125 2930 195 2970 τὸν
219 2931 376 2982 μέτριον
400 2933 575 2981 πολίτην.
620 2932 769 2984 ταχέως
795 2934 968 2982 βαδίζειν
997 2937 1037 2972 et
1068 2935 1208 2971 λαλεῖν
1237 2931 1338 2981 μέγα
1369 2935 1416 2970 ut
1448 2943 1515 2969 res
1537 2943 1644 2982 quae
